2051 2648
911 143 1038 189 (3⁷)

214 241 251 277 la
279 240 518 275 demonstrer
535 263 547 282 ,
572 244 613 274 et
641 235 730 285 puis
762 246 857 275 vous
893 237 1070 285 pourriez
1105 238 1343 275 demonstret
1376 239 1412 276 le
1453 242 1515 277 le‘.
1544 245 1584 277 et
1608 241 1644 277 le
1665 241 1723 278 2⁶.

215 307 432 348 theoreme,
467 309 507 340 et
532 303 567 339 le
588 308 689 339 reste
712 302 804 339 iroit
838 313 946 340 assez
969 304 1079 348 bien,
1104 304 1423 342 semblablement
1443 304 1468 344 a
1490 306 1530 344 13
1554 308 1608 345 fin
1620 306 1670 344 de
1684 308 1722 343 la

214 374 264 408 40.
289 382 409 420 page:
443 370 513 406 hoc
545 374 678 406 tamen
714 379 851 405 eorum
882 371 1008 405 Situm
1042 368 1148 406 nihil
1179 371 1429 417 immutabit,
1466 381 1593 410 NULLA
1626 381 1725 409 ΕΝΙΜ

212 447 329 476 cAusa
351 446 438 475 Es'r.
487 437 635 474 Eneore
666 447 741 484 que
773 446 867 474 vous
895 437 961 483 n’y
984 447 1107 483 voyez
1130 437 1242 484 point
1266 436 1315 473 de
1339 448 1473 482 cause,
1501 439 1532 475 il
1555 450 1604 474 ne
1626 439 1726 474 s’en-

211 505 291 541 suit
306 515 401 553 paS‚
427 504 519 551 qu’il
540 504 603 550 n'y
620 515 669 541 en
695 504 775 551 ait3
802 514 898 540 nous
910 514 960 540 ne
972 513 1118 550 voyons
1142 514 1213 551 pas
1237 509 1323 541 tout
1340 503 1389 540 de
1401 505 1568 552 premier
1587 503 1727 547 abord,

212 577 251 607 et
279 582 322 607 ce
345 570 413 618 qui
435 581 484 606 116
513 580 611 605 nous
633 571 781 616 paroist
815 580 887 616 pas
920 581 970 606 en
1001 581 1058 606 1111
1082 575 1233 617 temps,
1267 572 1413 618 paroist
1441 575 1608 607 souvent
1631 569 1728 605 dans

215 648 268 674 un
287 641 410 673 autre.
459 635 495 672 Il
514 634 616 672 suffit
640 636 756 683 qu’on
774 636 907 683 puisse
932 635 1071 672 douter
1102 635 1195 682 qu’il
1222 645 1249 681 y
1274 641 1341 681 ayt
1365 635 1534 683 quelque
1556 644 1682 672 cause.

263 702 316 739 Ge
342 712 416 749 que
431 702 475 749 Je
500 712 550 738 ne
573 712 671 740 vous
700 701 761 738 dis
784 713 854 750 pas
879 713 978 750 pour
1010 701 1222 738 amoindrir
1253 701 1494 739 l’excellence
1527 701 1576 737 de
1601 707 1730 738 vostre

216 768 481 816 speculation‚
519 769 542 805 ἐι
574 769 677 806 Dieu
698 779 748 805 ne
777 769 925 817 plaise,
964 780 1028 806 car
1059 769 1104 816 je
1132 768 1316 805 continue
1355 768 1527 816 toujours
1557 780 1606 803 en
1648 778 1738 803 mon

215 846 361 872 mesme
383 835 494 873 advis
509 835 610 873 dela
633 835 824 884 grandeur
840 835 890 872 de
909 840 1041 873 vostre
1068 834 1192 882 genie.
1214 834 1438 871 Seulement
1455 845 1505 870 ne
1524 833 1649 870 forcez
1665 843 1736 880 pas

215 908 304 951 trop
325 908 456 941 vostre
480 903 602 951 esprit
617 928 629 947 ‚
656 915 720 940 car
735 913 833 940 vous
850 912 946 940 avez
961 906 1050 939 tant
1066 900 1252 949 *d’annees
1276 899 1326 936 de
1350 905 1476 943 reste,
1503 910 1578 946 que
1602 899 1735 946 quand

214 980 312 1007 vous
334 980 385 1006 ne
407 969 528 1006 feriez
559 969 701 1016 qu’une
724 967 1031 1005 demonstration
1053 966 1200 1014 chaque
1223 966 1371 1009 annee‚
1402 966 1506 1002 aussi
1536 966 1635 1002 belle
1659 976 1736 1013 que

217 1036 311 1073 celle
340 1036 391 1073 de
420 1040 521 1072 cette
555 1035 718 1078 chorde,
752 1044 850 1071 vous
884 1034 1016 1070 auriez
1058 1043 1166 1069 assez
1188 1043 1286 1079 pour
1321 1032 1425 1067 tenir
1454 1032 1490 1067 le
1526 1031 1624 1069 haut
1647 1031 1742 1068 110111,-

215 1103 343 1150 parmi
372 1106 480 1138 toute
504 1101 544 1138 la
564 1101 753 1138 noblesse.

264 1168 462 1207 Mersenni
496 1167 778 1214 objectionibus
820 1178 872 1204 an
905 1167 1153 1215 responderit
1191 1166 1393 1213 Hugenius
1427 1148 1581 1211 nescio,
1624 1169 1738 1214 plura

219 1237 324 1272 enim
352 1235 401 1270 de
433 1234 507 1269 hoc
537 1238 768 1278 argumento
797 1234 847 1268 ab
869 1244 917 1268 eo
942 1233 1158 1278 conscripta
1178 1242 1257 1267 non
1281 1233 1421 1279 reperi.
1470 1233 1604 1279 Neque
1627 1234 1744 1269 etiam

217 1302 383 1338 multum
409 1299 597 1336 interesse
620 1296 800 1344 videtur;
839 1308 937 1345 quae
963 1297 1069 1334 enim
1101 1297 1306 1334 retulimus
1338 1298 1432 1334 satis
1456 1297 1595 1334 docent
1615 1297 1746 1343 Huge-

217 1369 325 1404 nium
347 1367 394 1404 1⁷
416 1366 482 1403 vel
506 1368 551 1402 18
571 1375 692 1401 annos
713 1370 851 1401 natum
879 1363 984 1400 haud
1010 1364 1295 1400 contemnenda
1323 1363 1372 1399 de
1398 1363 1635 1411 problemate
1661 1375 1746 1411 pro-

219 1434 373 1476 tulisse,
401 1432 504 1481 quod
535 1434 584 1469 40
605 1431 719 1469 annis
742 1435 831 1480 post
855 1432 1032 1467 omnibus
1056 1432 1175 1468 totius
1203 1431 1305 1467 orbis
1328 1435 1517 1467 terrarum
1543 1430 1746 1477 geometris

217 1502 478 1549 propositum,
499 1510 578 1536 non
602 1499 680 1535 nisi
707 1510 731 1535 a
759 1499 885 1536 tribus
903 1498 981 1535 fuit
1006 1498 1198 1542 solutum,
1223 1499 1328 1534 inter
1352 1508 1447 1545 quos
1470 1499 1554 1544 ipse
1571 1497 1744 1533 omnium

215 1570 365 1616 primus
395 1567 561 1605 exstitit.
609 1566 719 1604 Haec
751 1566 859 1613 ipsa,
912 1564 962 1602 de
985 1577 1064 1613 qua
1093 1566 1243 1613 agimus
1260 1591 1270 1610 ‚
1311 1564 1474 1612 epistola
1516 1565 1634 1610 hujus
1667 1564 1745 1599 dis-

218 1634 438 1683 quisitionis
461 1633 657 1683 primitias
681 1633 855 1669 continet
876 1632 945 1669 sed
960 1632 1033 1670 sub
1058 1632 1207 1679 grypho
1235 1633 1426 1676 latentes,
1463 1631 1566 1678 quod
1592 1629 1680 1666 ideo
1706 1639 1746 1665 se

217 1703 355 1740 fecisse
380 1702 437 1739 ait
457 1706 614 1744 auctor,
651 1712 701 1736 ne
726 1700 917 1736 Leibnitio
943 1699 1274 1746 opportunitatem
1308 1696 1576 1746 praecluderet
1610 1695 1743 1733 eadem

217 1770 472 1812 inveniundi,
510 1774 551 1805 et
576 1767 710 1805 calculi
742 1768 802 1804 sui
829 1767 922 1803 novi
947 1777 1062 1803 usum
1094 1765 1136 1800 in
1163 1777 1208 1800 ea
1237 1764 1464 1811 quaestione
1501 1763 1743 1810 experiundi.

219 1839 269 1877 Ut
292 1843 422 1874 autem
447 1841 633 1883 appareat
656 1834 747 1883 quid
779 1833 888 1870 istud
911 1832 1092 1880 aenigma
1119 1831 1332 1879 significet,
1366 1837 1408 1867 et
1444 1830 1575 1878 quales
1590 1854 1602 1870 .
1641 1829 1744 1866 haud

221 1905 286 1942 diu
313 1911 400 1952 post
425 1904 648 1950 evulgatum
688 1901 912 1949 problema,
938 1899 1165 1937 Catenariae
1183 1898 1434 1947 proprietates
1446 1896 1642 1935 invenerit
1663 1896 1745 1932 Hu-

221 1974 379 2020 geniuS,
410 1972 482 2007 hoc
512 1971 593 2007 loco
618 1969 716 2006 dicti
752 1969 893 2016 gryphi
919 1967 1217 2015 explicationem
1245 1965 1422 2002 dabimus
1449 1976 1565 2011 quam
1595 1965 1678 2009 ipse
1704 1963 1745 1996 in

220 2041 333 2077 Libro
360 2051 427 2075 suo
461 2037 623 2076 Advers.
651 2038 697 2075 G.
729 2048 768 2085 p.
801 2038 875 2080 22,
898 2038 947 2072 23
972 2041 1012 2072 et
1041 2036 1115 2078 24,
1145 2033 1255 2070 nobis
1287 2032 1472 2070 servavit.
1524 2031 1632 2067 Prius
1653 2040 1744 2065 vero

221 2107 456 2144 monendum
479 2111 540 2142 est
563 2116 635 2142 nos
656 2105 759 2142 hanc
782 2104 1014 2151 aenigmatis
1046 2102 1276 2138 solutionem
1299 2110 1379 2136 non
1402 2098 1611 2146 reperisse,
1637 2102 1744 2132 ante-

224 2184 338 2220 quam
356 2174 442 2218 ipsa
458 2173 622 2218 epistola
640 2173 720 2218 iam
740 2173 845 2218 typis
871 2177 954 2207 erat
975 2169 1182 2211 mandata,
1205 2178 1281 2214 quo
1295 2166 1437 2204 factum
1463 2170 1546 2207 est,
1569 2169 1634 2204 ut,
1660 2171 1742 2196 cum

1105 2236 1136 2269 E
1163 2238 1185 2268 3
