2051 2648
1060 153 1187 199 (88)

1072 297 1206 360 §x.

379 454 442 490 Ad
465 465 551 501 pag,
581 455 650 489 107
682 463 739 499 sq.
775 452 915 489 verba:
951 449 1047 497 J’ay
1075 450 1116 486 la
1132 451 1449 487 demone-tration
1475 452 1524 488 de
1548 464 1612 488 ma
1626 454 1756 501 megla,
1787 464 1859 493 cet.

354 630 664 689 Demonstratio
685 646 841 691 regulae
856 670 867 689 ‚
892 656 967 692 qua
992 644 1198 691 Hugenius
1212 655 1304 680 usus
1328 650 1386 681 est
1410 644 1460 680 ad
1479 645 1758 682 inveniendam
1784 657 1887 682 sum-

350 725 454 749 mam
486 714 704 750 secantium
729 714 777 750 ad
804 714 962 760 angulos
992 720 1205 749 crescentes
1233 724 1309 748 uno
1341 712 1486 758 gradu,
1532 713 1595 749 vel
1628 714 1752 760 gradu
1774 714 1887 749 dimi-

351 779 438 824 dio,
466 780 529 816 vel
544 784 598 816 4²2.
611 786 720 827 parte
736 803 747 823 ‚
767 780 829 816 vel
853 783 916 823 8³,
935 781 999 816 vel
1027 783 1114 825 162,
1143 787 1214 817 cet.
1233 805 1244 824 ‚
1273 780 1316 815 in
1345 780 1510 816 Advers.
1527 781 1672 818 Lib.G.
1697 792 1782 828 pag.
1805 783 1868 817 26.

350 847 410 883 his
436 847 566 884 verbis
594 847 786 893 descripta
812 852 883 884 est.

397 928 416 948 »
445 915 605 950 Summa
629 914 844 949 secantium
875 913 923 949 ad
950 913 1119 960 singulos
1152 913 1292 960 gradus
1321 919 1485 960 superat
1501 924 1693 949 summam
1722 914 1885 950 totidem

347 981 562 1016 secantium
591 979 641 1016 ad
679 981 836 1027 angulos
864 981 1025 1016 dimidio
1054 980 1176 1027 gradu
1214 981 1382 1016 minores
1421 981 1536 1026 paulo
1566 981 1651 1027 plus
1683 992 1798 1027 quam
1823 980 1881 1015 di—

347 1048 468 1083 midia
498 1048 599 1089 CD,
639 1050 730 1094 (fig.
757 1048 835 1094 35)
874 1060 950 1094 qua
987 1049 1160 1084 maxima
1187 1049 1356 1094 priorum
1386 1047 1601 1083 secantium
1634 1052 1790 1093 superat
1826 1058 1885 1082 ra-

347 1113 477 1158 dium3
504 1125 590 1148 cum
615 1123 748 1148 omnes
776 1112 1055 1148 differentiolac
1083 1114 1294 1148 secantium
1323 1113 1382 1147 de
1408 1119 1499 1148 suut
1524 1114 1637 1159 paulo
1659 1113 1746 1158 plus
1769 1124 1884 1160 quam

347 1179 553 1217 dimidium
575 1179 919 1214 differentiolarum
948 1192 1002 1214 oe
1019 1205 1029 1222 ,
1053 1192 1151 1225 quae
1178 1180 1292 1214 simul
1319 1180 1465 1214 faciunt
1488 1180 1565 1216 DC
1592 1184 1728 1216 totam.
1780 1181 1879 1224 Ergo

347 1249 378 1283 si
415 1246 633 1294 duplicetur
672 1256 824 1280 summa
848 1246 1064 1280 secantium
1105 1246 1154 1280 ad
1181 1246 1354 1292 singulos
1390 1245 1532 1291 gradus
1549 1269 1560 1287 ,
1588 1251 1627 1280 et
1654 1257 1676 1279 a
1699 1245 1886 1290 producto

349 1315 547 1351 auferatur
573 1318 728 1348 tantum
760 1312 924 1348 dimidia
950 1312 1169 1348 differentia
1202 1312 1305 1355 CD,
1341 1312 1570 1348 habebimus
1597 1312 1768 1358 pauxillo
1797 1312 1884 1358 plus

349 1393 465 1428 quam
506 1391 694 1415 summam
730 1379 944 1415 secantium
979 1378 1028 1414 ad
1054 1379 1222 1425 singulos
1258 1378 1544 1424 semi-gradus.
1596 1378 1705 1423 Quod
1741 1379 1774 1412 si
1800 1379 1885 1424 jam

346 1458 480 1484 rursus
495 1446 734 1493 duplicemus
760 1447 860 1482 hanc
887 1456 1075 1481 summam
1092 1471 1102 1490 ,
1128 1452 1202 1482 eta
1227 1446 1416 1493 producto
1433 1445 1652 1482 auferamus
1679 1444 1886 1481 dimidiam

346 1516 445 1559 DC,
471 1513 699 1550 habebimus
725 1513 926 1558 proxime,
954 1520 994 1549 et
1016 1514 1186 1560 pauxillo
1201 1514 1288 1561 plus
1316 1525 1430 1560 quam
1458 1524 1648 1550 summam
1667 1513 1884 1548 secantium

347 1583 396 1619 ad
425 1581 594 1626 singulos
614 1579 805 1624 graduum
825 1581 1071 1625 quadrantes,
1122 1582 1172 1617 Et
1201 1592 1359 1623 rursus,
1394 1581 1426 1615 si
1456 1581 1556 1616 hauc
1588 1590 1779 1614 summam
1817 1578 1886 1614 du-

348 1649 536 1696 plicemus
560 1653 600 1681 et
632 1657 654 1680 a
680 1645 864 1691 producto
888 1646 1108 1682 auferamus
1134 1647 1346 1683 dimidiam
1391 1647 1426 1682 D
1442 1647 1469 1683 C
1485 1671 1496 1690 ‚
1533 1646 1761 1682 habebimus
1785 1657 1886 1680 sum-

348 1727 452 1753 mam
488 1714 661 1761 proxime
701 1715 887 1760 majorem
931 1714 1145 1750 secantium
1181 1715 1227 1751 ad
1271 1714 1440 1760 singulos
1472 1713 1657 1760 graduam
1694 1718 1878 1748 octanteS.

347 1785 478 1828 Atque
509 1781 564 1815 ita
588 1791 711 1826 porro.

400 1849 459 1884 Sit
487 1858 638 1882 summa
670 1846 886 1883 secantium
922 1847 970 1882 ad
996 1848 1164 1894 singulos
1189 1848 1330 1894 gradus
1350 1859 1452 1892 =.5·,
1491 1847 1654 1883 dimidia
1681 1845 1882 1887 Dezcl,

352 1927 442 1963 ergo
468 1913 641 1951 secunda
664 1924 815 1949 summa
838 1927 885 1948 =
920 1915 1034 1947 23-
1075 1915 1104 1949 d
1189 1916 1402 1950 secantium
1430 1914 1478 1950 ad
1528 1918 1548 1960 ὲ
1574 1913 1714 1960 gradus
1737 1908 1753 2032 ἶ
1776 1925 1800 1976 ,ἐς

595 1985 633 2013 et
659 1979 774 2013 tertia
833 1994 879 2013 Ξ
913 1982 1030 2014 43-
1067 1980 1134 2015 3d
1252 1996 1269 2014 ν
1439 1995 1456 2014 2»
1525 1984 1546 2027 3¹-
1645 1995 1663 2015 »
1764 1981 1810 2034 ’ξ

595 2052 633 2080 et
658 2050 793 2092 quarto
831 2058 878 2078 Ξ
917 2048 1027 2079 83-
1067 2047 1087 2079 7
1103 2045 1130 2080 d
1251 2062 1267 2080 »
1444 2060 1461 2078 (ι
1526 2051 1543 2092 2¹³
1645 2061 1662 2080 »
1737 2034 1799 2147 ΥΞ

596 2118 633 2147 ct
660 2111 796 2158 quinta
831 2123 878 2143 Ξ
893 2113 966 2146 16s
979 2131 1026 2137 ——
1043 2113 1084 2146 15
1102 2111 1128 2145 (ἰ
1250 2126 1267 2145 1>
1435 2128 1452 2146 »
1506 2117 1543 2158 5¹5
1643 2129 1659 2146 s>
1775 2094 1799 2162 Ξ

775 2184 891 2225 atque
916 2178 972 2214 ita
996 2190 1117 2225 porro.

1813 2249 1886 2283 scd
