2051 2648
1016 176 1030 219 (
1056 177 1127 208 288
1155 175 1169 219 )

1035 269 1180 306 XXIII.

555 411 781 441 unrocus
819 412 878 439 Au
916 413 961 440 Μ.
999 410 1058 439 DE
1098 404 1381 441 L’nosPITAL.

1263 548 1288 576 A
1307 549 1339 576 la
1362 547 1453 586 Hayo
1474 559 1505 578 co
1525 551 1559 577 1⁰
1581 550 1663 589 Sept.
1695 552 1765 579 1603

337 709 417 776 Ce
454 742 552 776 n'est
578 751 648 787 pas
671 751 760 776 sans
782 739 1053 786 apprehender
1075 740 1123 776 de
1149 753 1244 778 vous
1265 748 1366 777 estre
1392 742 1612 789 importum
1649 742 1864 783 Monsieur,

337 818 411 853 que
425 808 468 854 Je
493 818 591 843 vous
617 807 714 842 ecris
735 806 892 852 celle-cy
916 810 937 843 8
959 808 1069 853 jours
1094 820 1206 856 apres
1226 821 1290 845 ma
1312 809 1557 856 precedente.
1611 808 1806 844 Toutefois
1824 808 1865 853 je

335 875 424 918 n’ay
446 885 516 920 pas
541 874 659 911 voulu
686 885 878 920 manquer
899 874 946 910 de
970 886 1066 911 vous
1093 875 1190 912 faire
1219 877 1368 912 scavoir
1394 887 1469 922 que
1500 882 1632 911 contre
1664 887 1755 910 mon
1782 875 1867 909 des·

336 940 420 975 sein
435 940 516 986 j’ay
537 940 682 975 medjte
709 951 775 975 sur
798 940 834 974 le
860 939 1055 986 probleme
1084 940 1131 975 de
1153 942 1226 978 Mr.
1253 942 1460 987 Bernoully
1476 967 1486 984 ‚
1521 942 1588 988 qui
1616 947 1743 976 estant
1769 941 1867 975 beau

336 1018 398 1042 me
421 1006 561 1042 rouloit
600 1018 671 1052 par
707 1006 745 1040 la
781 1012 880 1040 teste
899 1029 908 1047 ‚
949 1013 989 1040 et
1015 1006 1103 1050 qu’b
1128 1008 1165 1040 la
1198 1009 1252 1041 fin
1274 1008 1355 1051 j'ay
1393 1008 1529 1042 trouve
1564 1008 1601 1040 la
1627 1007 1798 1041 maniere
1820 1006 1868 1041 de

337 1073 372 1107 le
398 1072 590 1107 resoudre.
644 1071 746 1107 C'est
776 1082 855 1106 non
882 1071 1096 1106 seulement
1128 1073 1203 1107 afin
1227 1083 1302 1118 que
1334 1083 1430 1108 vous
1454 1071 1575 1107 n'aiez
1601 1083 1670 1117 pas
1693 1072 1731 1107 la
1757 1073 1869 1118 peine

338 1139 384 1175 de
416 1151 479 1175 me
502 1139 757 1185 l'expliquer‚
798 1149 944 1173 comme
972 1139 1014 1184 je
1047 1149 1144 1174 vous
1167 1150 1216 1174 en
1246 1139 1353 1175 avois
1388 1138 1495 1185 prie‚
1523 1139 1620 1173 mais
1648 1139 1751 1174 aussi
1774 1150 1869 1184 pour

336 1217 433 1243 vous
456 1206 553 1242 faire
587 1206 675 1242 voir
705 1217 778 1252 que
805 1207 847 1251 Je
885 1206 972 1250 n’ay
1002 1216 1072 1251 pas
1106 1205 1186 1240 este
1222 1216 1310 1241 sans
1340 1206 1496 1252 profiter
1522 1204 1569 1240 de
1597 1206 1797 1241 l'honneur
1823 1206 1869 1241 (le

333 1279 463 1310 vostre
489 1272 813 1320 correspondance
848 1278 887 1307 et
923 1272 1247 1318 enseignements.
1298 1273 1343 1308 Je
1370 1283 1467 1308 vous
1487 1282 1535 1317 ay
1557 1272 1700 1307 mande
1720 1284 1793 1319 que
1833 1273 1868 1307 la

336 1341 503 1376 solution
526 1339 573 1375 de
596 1341 667 1376 Mr.
681 1341 703 1376 J
706 1352 759 1375 ac.
775 1339 983 1375 Bernouilli
1006 1340 1120 1374 estoit
1130 1339 1227 1374 dans
1241 1339 1298 1375 les
1312 1345 1398 1375 acta
1412 1338 1459 1374 de
1470 1339 1536 1375 Lei
1539 1340 1646 1386 psich
1657 1339 1708 1374 du
1718 1340 1814 1374 mois
1824 1338 1870 1374 de

334 1407 449 1450 huin,
475 1407 641 1453 laquelle
665 1411 793 1442 estant
818 1405 894 1441 fort
925 1412 1052 1441 courte
1073 1407 1116 1452 je
1138 1406 1176 1441 la
1201 1412 1300 1440 mets
1315 1407 1395 1452 icy,
1420 1418 1531 1453 parce
1559 1419 1632 1453 que
1656 1413 1869 1453 peut-estre

337 1486 434 1511 vous
467 1487 516 1510 ne
534 1475 673 1510 l’aurez
696 1486 765 1521 pas
787 1485 922 1510 encore
936 1485 1027 1510 vue.
1076 1472 1130 1507 In
1156 1473 1252 1507 data
1265 1476 1468 1520 positione
1491 1479 1601 1509 recta
1616 1474 1689 1509 AB
1704 1475 1780 1521 (fig.
1808 1475 1871 1517 51)

337 1544 588 1587 assignatum
605 1547 666 1577 est
674 1540 940 1589 punctumA,
981 1545 1021 1574 et
1043 1542 1241 1587 quoeritnr
1263 1552 1387 1575 curva
1409 1541 1444 1576 A
1466 1541 1495 1577 C
1521 1543 1565 1575 in
1586 1553 1663 1588 qva
1678 1565 1688 1582 ‚
1720 1544 1872 1585 sumpto

339 1608 470 1644 ubivis
495 1613 648 1656 puncto
682 1609 712 1645 C
728 1633 738 1650 ‚
778 1609 974 1655 ductaque
994 1620 1068 1654 per
1094 1607 1202 1642 illud
1230 1612 1342 1642 recta
1369 1613 1556 1653 tangente
1583 1608 1676 1648 CD,
1696 1605 1870 1640 abscissa

342 1675 425 1712 AD
449 1677 505 1710 sit
527 1675 582 1710 ad
613 1679 838 1720 tangentem
875 1674 953 1711 DC
991 1677 1036 1709 in
1063 1677 1266 1709 constanti
1297 1677 1455 1707 ratione
1483 1685 1510 1707 n
1546 1672 1600 1707 ad
1628 1676 1656 1708 1.
1703 1672 1870 1709 solutio.

340 1741 524 1777 Abscissa
562 1743 702 1788 quavis
734 1740 818 1776 AD
834 1765 843 1783 ‚
879 1745 1015 1774 centro
1041 1740 1076 1775 D
1092 1765 1102 1781 ‚
1131 1739 1246 1773 radio
1271 1739 1373 1781 DC,
1413 1741 1481 1786 qui
1506 1741 1565 1773 sit
1582 1739 1637 1773 ad
1660 1739 1873 1775 abscissam

343 1810 423 1845 AD
448 1814 495 1843 ut
515 1812 534 1843 1
561 1808 617 1843 ad
638 1819 685 1848 n,
715 1806 969 1841 describatur
993 1818 1113 1840 arcus
1140 1805 1313 1849 circuli,
1328 1806 1488 1853 fiatque
1504 1831 1514 1848 ‚
1541 1812 1588 1841 ut
1611 1813 1869 1853 aggregatum

344 1878 521 1911 unitatis
560 1880 600 1909 et
631 1875 733 1910 dicti
758 1873 870 1908 radii
900 1873 954 1908 ad
973 1877 1215 1920 potestatem
1249 1875 1363 1924 4—‚272
1386 1873 1556 1916 elevati,
1583 1873 1637 1908 ad
1661 1873 1870 1908 eorundem

345 1943 636 1990 dffwentfflm,
668 1943 727 1976 sic
758 1944 842 1988 ipse
872 1940 1015 1975 radius
1038 1938 1093 1973 ad
1122 1945 1271 1974 rectam
1297 1940 1376 1976 DB
1397 1939 1654 1984 anferendam
1688 1950 1738 1973 ea:
1762 1942 1872 1986 posi-

347 2011 455 2044 tione
487 2008 583 2042 data
618 2008 704 2042 AB.
757 2007 858 2041 Dico
891 2008 928 2039 st'
952 2016 1071 2051 super
1096 2005 1126 2040 B
1154 2008 1341 2050 erigatur
1369 2009 1480 2039 recta
1519 2004 1592 2041 BC
1609 2006 1871 2052 pmpenclicw.

347 2075 449 2111 laris
487 2075 566 2121 ipsi
600 2073 703 2116 AB,
739 2084 950 2119 secansque
984 2083 1120 2106 arcum
1156 2071 1301 2106 circuli
1332 2074 1376 2106 in
1412 2071 1464 2114 C,
1499 2073 1598 2116 fore
1615 2078 1811 2119 punctum
1843 2074 1872 2110 C

349 2145 391 2184 tn
417 2152 549 2176 'curva
579 2144 715 2187 optata
743 2138 834 2175 AC.
886 2139 930 2174 Je
959 2144 1095 2174 trouve
1131 2143 1230 2174 cette
1261 2150 1405 2174 mesme
1433 2139 1720 2182 construction,
1746 2151 1815 2187 par
1836 2140 1871 2175 la

348 2209 474 2256 quelle
502 2208 534 2242 si
556 2213 654 2242 nest
673 2213 713 2252 ὲ,
741 2219 766 2241 a
793 2207 958 2253 quelque
980 2205 1083 2251 ligne
1118 2206 1220 2252 prise
1256 2204 1279 2242 ὲ
1318 2206 1523 2242 discretion
1564 2212 1602 2242 et
1643 2206 1871 2252 Angoe,
