2051 2648
847 145 1003 194 (153)

139 246 350 293 aequaliter
376 255 506 280 secare
526 244 611 289 jam
638 241 811 289 debent)
833 243 875 278 in
901 242 1025 289 spatio
1046 240 1174 276 ABD
1190 265 1200 283 ,
1224 241 1397 286 itemque
1423 244 1489 287 [ε
1519 242 1656 290 quadr.v

139 324 236 358 quae
273 312 314 346 in
353 311 478 357 spatio
518 310 553 345 A
569 309 604 344 D
618 309 647 345 B
662 309 691 346 C
706 334 717 352 ,
758 310 941 346 haberem
987 314 1026 343 et
1060 318 1194 343 eorum
1238 308 1497 345 differentiam
1505 331 1518 353 ,
1558 319 1656 354 quae

137 378 309 424 aequalis
324 383 382 413 est
408 377 586 413 omnibus
600 389 620 411 e
632 387 659 411 u
676 400 686 419 ‚
702 376 807 412 unde
820 381 860 410 et
883 374 954 420 sb
966 385 989 409 ο
1007 375 1199 411 haberem.
1237 374 1324 412 Non
1337 376 1440 411 enim
1454 375 1515 411 hic
1527 376 1657 411 omnia

136 456 156 479 e
184 443 315 489 quadro
331 457 378 478 =
391 445 492 490 s2²
506 455 554 486 u,
577 443 645 479 sed
665 442 907 486 differentia,
937 452 1014 488 qua
1036 441 1165 478 omnia
1188 441 1377 489 quadrata
1397 447 1588 479 rectarum
1611 453 1652 486 e,

136 521 234 556 quae
266 517 357 546 sunt
393 512 434 545 in
472 510 596 556 spatio
633 508 792 545 CBDA
821 512 1006 555 superant
1038 508 1167 543 omnia
1194 507 1386 554 quadrata
1414 513 1606 544 rectarum
1638 519 1658 544 e

136 588 235 622 quae
269 583 359 612 sunt
393 577 434 611 in
468 576 592 622 spatio
622 576 651 610 B
667 575 769 616 AD,
805 581 864 610 est
894 574 1065 620 aequalis
1100 576 1125 608 2
1138 577 1259 619 J'eu,
1295 573 1397 621 quod
1433 573 1656 609 notandum.

132 644 270 679 Omnia
295 655 354 677 eu
380 650 436 678 est
455 633 620 677 solidum
646 652 696 677 ex
724 642 844 687 figura
863 641 985 678 ABC
1019 642 1116 676 eirca
1140 642 1236 676 AD.
1272 641 1358 676 Hoc
1384 646 1514 676 autem
1544 640 1661 675 habe«

134 715 197 744 tur
214 709 373 754 aequale
392 708 554 744 dimidio
571 719 619 743 ex
633 708 812 743 omnibus
826 719 846 742 e
865 706 1064 753 quadratis
1077 719 1086 752 ;
1104 707 1175 742 hoc
1191 712 1251 742 est
1263 717 1312 742 ex
1326 705 1457 741 solidis
1472 715 1520 741 ex
1534 706 1569 741 A
1581 706 1611 742 B
1621 706 1656 742 D

131 783 171 810 et
206 775 369 812 ACBD
394 775 492 811 circa
528 775 628 811 AD.
680 776 749 810 Est
777 774 882 810 enim
916 775 1051 811 horum
1092 774 1331 817 differentia,
1366 769 1443 809 hoc'
1467 779 1527 809 est
1556 784 1658 810 sum-

133 887 283 913 marum
303 877 550 914 dimidiorum
573 877 846 925 quadratorum
877 888 938 914 ee.
990 878 1093 913 Pono
1120 889 1141 911 e
1153 888 1225 912 e=
1239 876 1259 911 b
1271 889 1298 923 y
1311 901 1321 920 ‚
1346 874 1450 911 unde
1477 887 1503 921 y
1515 888 1561 908 =
1577 852 1633 931 {bf
1646 898 1657 915 ‚

128 982 167 1010 et.
203 977 293 1013 hine
315 983 494 1023 quartam
521 989 679 1015 curvam
708 979 869 1023 invenio
900 978 1048 1020 AGF,
1087 989 1183 1024 quae
1212 983 1271 1012 est
1296 976 1429 1012 circuli
1454 975 1658 1011 circumfe-

130 1043 273 1085 rentia,
320 1044 478 1090 eJusque
515 1045 694 1091 aequatio
736 1044 1073 1091 by—yyzuu.
1138 1046 1259 1090 Ergo,
1292 1044 1382 1090 quia
1419 1043 1572 1088 singula
1600 1040 1658 1085 by

130 1116 220 1144 sunt
245 1124 291 1143 =
304 1122 324 1144 e
338 1123 358 1145 e
372 1136 382 1152 ‚
415 1112 490 1146 erit
513 1122 663 1146 summa
692 1124 745 1145 ee
764 1112 811 1146 ad
836 1123 1026 1145 summam
1046 1111 1350 1144 differentiarum
1373 1120 1393 1142 e
1408 1120 1428 1141 e
1447 1114 1489 1142 ut
1507 1118 1658 1142 summa

131 1173 190 1221 by
222 1176 270 1211 ad
298 1178 339 1220 J*
357 1176 665 1211 differentiarum
699 1176 781 1219 by,
812 1177 883 1209 hoc
910 1182 969 1208 est
990 1181 1031 1207 ut
1056 1172 1318 1215 rectangulum
1347 1172 1428 1206 ΑΕ
1462 1172 1512 1206 ad
1539 1174 1656 1208 semi-

132 1241 316 1276 circulum
346 1241 480 1276 AGF.
531 1242 579 1275 Et
606 1251 755 1275 summa
778 1251 828 1274 ee
857 1237 930 1288 (1)
961 1237 1010 1273 ad
1038 1236 1239 1272 dimidiam
1261 1247 1451 1273 summam
1477 1237 1654 1274 differen-

131 1308 272 1343 tiarum
297 1318 376 1350 ee,
408 1312 450 1342 ut
491 1317 641 1342 summa
673 1306 757 1353 by,
789 1307 859 1341 hoc
893 1310 952 1340 est
981 1310 1023 1339 ut
1055 1303 1321 1348 rectangulum
1348 1303 1425 1338 ΑΕ
1451 1304 1492 1337 iu
1519 1304 1654 1339 altitu-

129 1373 260 1408 dinem
278 1372 299 1407 ᾗ
318 1398 328 1414 ,
360 1372 408 1409 ad
431 1372 632 1417 dimidiam
661 1383 851 1407 summam
871 1370 1172 1406 differentiarum
1199 1369 1280 1415 by,
1312 1369 1382 1405 hoc
1412 1375 1470 1404 est
1490 1369 1538 1405 ad
1564 1381 1655 1416 qua-

126 1439 304 1476 drantem
323 1439 357 1474 Κ
371 1439 404 1474 G
418 1439 451 1475 A
479 1440 519 1474 in
549 1439 794 1475 altitudinem
811 1438 842 1475 b.
870 1439 969 1484 Ergo
984 1436 1176 1484 quadrans
1194 1435 1228 1471 Κ
1241 1436 1272 1471 G
1288 1437 1320 1471 A
1341 1436 1382 1472 in
1405 1436 1653 1472 altitudinem

127 1506 147 1538 b
182 1506 254 1540 erit
288 1506 462 1552 aequalis
505 1517 678 1541 summae
708 1505 880 1540 omnium
912 1517 932 1539 e
956 1505 998 1539 in
1028 1516 1076 1549 τις
1113 1514 1200 1548 ergo
1222 1508 1262 1536 et
1283 1512 1456 1538 summae
1480 1504 1652 1539 omnium

125 1571 179 1606 bo
195 1598 204 1614 ‚
241 1573 333 1618 quia
355 1572 531 1618 aequalia
555 1572 749 1618 posuimus
774 1571 972 1608 euzbo.
1024 1572 1123 1615 Ergo
1151 1569 1321 1615 spatium
1360 1569 1394 1604 A
1410 1569 1653 1615 HC=qua·

124 1638 254 1673 dranti
300 1637 453 1682 KGA;
494 1636 596 1683 quod
644 1636 870 1674 notandum.
918 1670 925 1672 s
951 1636 1028 1673 Sed
1077 1634 1171 1670 bbo
1201 1641 1298 1672 ,erat
1344 1641 1648 1684 :aee=÷e³.

123 1706 222 1750 Ergo
263 1704 456 1750 quadrans
483 1704 519 1739 Κ
536 1705 569 1740 G
584 1705 616 1740 A
645 1705 685 1739 in
709 1704 955 1740 altitudinem
980 1703 1001 1738 b
1038 1705 1198 1750 insuper
1225 1702 1364 1738 ductus
1389 1702 1516 1738 denuo
1539 1703 1582 1737 in
1607 1703 1651 1748 b,

127 1771 354 1817 aequabitur
380 1774 472 1818 56³.
532 1771 637 1807 Hinc
670 1783 762 1807 vero
798 1772 1001 1807 invenitur
1037 1778 1213 1807 centrum
1253 1770 1455 1816 gravitatis
1488 1771 1651 1815 ungulae

128 1848 241 1883 super
289 1837 504 1883 quadrante
559 1838 677 1874 AOC
692 1863 702 1880 ‚
751 1838 938 1874 abscissae
986 1849 1054 1884 per
1104 1838 1137 1874 A
1152 1838 1183 1873 Ο
1242 1836 1381 1882 angulo
1439 1837 1649 1874 semirecto.

180 2016 192 2051 (
207 2017 242 2050 ¹)
285 2015 316 2042 ln
336 2016 459 2053 margine
482 2016 627 2043 annotavit
643 2014 810 2053 Hugenius:
837 2018 903 2044 uota
926 2017 971 2044 hie
990 2016 1027 2043 ad
1046 2025 1184 2044 summam
1205 2016 1325 2043 omnium
1343 2025 1358 2043 e
1370 2024 1385 2041 e
1405 2014 1591 2041 inveniendam
1610 2016 1635 2041 in

142 2079 227 2099 curva
257 2070 369 2104 ABC,
403 2072 534 2100 debuisse
563 2071 627 2099 duci
653 2071 724 2100 istas
750 2082 766 2100 e
797 2072 835 2100 ita
866 2075 898 2100 ut
922 2074 1028 2101 rectam
1063 2070 1127 2100 AD
1154 2073 1180 2100 in
1205 2073 1300 2109 partes
1324 2069 1452 2104 aequales
1476 2069 1638 2098 dividerent.

142 2126 239 2163 Neque
268 2127 345 2155 aliter
366 2127 401 2155 ad
419 2137 541 2158 ,curvam
576 2127 671 2156 ABC
707 2129 761 2156 alia
795 2129 879 2158 statui
917 2131 1030 2167 poterat
1057 2128 1093 2156 ad
1122 2129 1227 2157 rectam
1261 2124 1342 2158 AD,
1378 2124 1407 2152 in
1432 2132 1486 2160 qua
1504 2135 1525 2162 y
1545 2128 1638 2153 essent

144 2185 178 2212 nit
208 2194 222 2212 e
235 2194 260 2214 c.
307 2183 350 2212 Ex
373 2184 482 2213 duabus
503 2185 597 2213 autem
613 2195 647 2220 e,
671 2192 743 2221 quae
765 2186 834 2214 sunt
854 2184 929 2218 ST,
949 2185 1024 2219 SV,
1038 2185 1112 2214 fiunt
1134 2184 1204 2212 duae
1224 2193 1244 2220 y
1258 2202 1266 2216 ,
1292 2189 1362 2217 quae
1390 2181 1455 2209 sunt
1474 2180 1495 2209 S
1508 2179 1550 2216 Y,
1568 2175 1637 2210 S‘X.
