2051 2648
1077 171 1233 216 (136)

1033 271 1062 333 5
1099 278 1240 332 XIV.

440 391 502 428 Ad
525 402 611 438 pag.
640 392 711 428 126
745 391 889 428 verba:
942 401 998 425 un
1024 394 1182 427 certain
1207 391 1527 429 mathematicien
1562 395 1608 431 do
1640 395 1822 437 Zelande.

834 458 927 495 Coll.
961 459 1075 505 epist.
1108 461 1167 496 38.
1211 470 1298 506 pag.
1327 461 1407 497 132.

361 636 530 696 Novum
564 668 602 697 et
625 662 740 709 plane
762 661 1004 707 incognitum
1035 661 1355 697 Mathematicum
1385 663 1424 699 h.
1450 664 1476 698 Ι.
1504 670 1758 700 memoratum
1789 665 1896 702 inve-

363 726 516 769 nimus,
557 728 777 764 Hubertum
809 739 950 774 nempe
989 729 1294 775 Huyghenium‚
1322 730 1556 773 zelandum,
1585 732 1652 777 qui
1677 732 1893 768 studiorum

360 803 487 829 amore
526 801 656 830 nostro
691 795 913 831 Christiano
952 796 1287 841 conjunctissimus
1331 795 1419 832 fuit.
1448 797 1540 841 Quis
1564 803 1603 833 et
1629 799 1752 844 qualis
1776 799 1894 834 suerit

353 860 427 895 iste
453 861 678 906 Hubertus‚
706 863 790 910 ipse
821 874 889 898 nos
912 863 1048 906 docet,
1078 875 1164 899 cum
1198 863 1443 907 Christiano,
1473 864 1758 910 interroganti,
1785 866 1895 912 origi-

360 938 448 962 nem
490 939 599 964 suam
635 929 833 976 explicuit.
886 929 987 974 Quos
1025 942 1117 967 vero
1152 931 1194 965 in
1243 927 1462 978 disciplinis
1496 933 1781 969 mathematicis
1809 945 1895 980 pro-

357 1006 507 1041 gressus
547 997 708 1041 fecerit,
749 1004 834 1033 tum
878 1009 926 1034 ex
957 999 1032 1041 iis,
1068 1009 1167 1044 quae
1204 998 1252 1034 de
1287 1010 1332 1033 eo
1366 999 1415 1034 ad
1460 999 1698 1034 Leibnitium
1744 1000 1895 1045 scripsit

359 1061 624 1107 Christianus,
662 1066 793 1100 confici
830 1072 980 1112 potest,
1009 1072 1093 1102 tum
1145 1076 1194 1101 ex
1219 1065 1352 1111 paucis
1378 1065 1439 1100 his
1466 1065 1632 1108 litteris,
1672 1077 1770 1112 quae
1794 1067 1895 1102 inter

364 1135 568 1175 utrumque
604 1130 882 1175 Huyghenium
908 1131 1225 1166 intercesserunt.

1126 1263 1160 1304 12

408 1397 500 1432 Viro
528 1396 766 1432 nobilissimo
784 1395 1004 1432 Christiano
1027 1394 1207 1440 Hugenio
1221 1393 1260 1431 S.
1276 1394 1316 1431 P.
1338 1393 1386 1430 D.
1409 1394 1611 1431 Hubertus
1630 1394 1889 1442 Huighenius.

410 1532 451 1568 Si
489 1543 654 1579 parvus,
704 1531 774 1578 qui
812 1530 881 1566 has
918 1530 1124 1566 comitatur
1159 1529 1313 1572 literas,
1360 1528 1476 1565 fidem
1516 1530 1694 1566 inveniat
1716 1531 1892 1574 libellus,

362 1610 545 1645 magnum
567 1603 808 1633 momentum
833 1598 992 1633 habebit
1018 1597 1067 1632 ad
1096 1595 1351 1631 obtinendum
1381 1607 1536 1641 scopum
1572 1607 1708 1640 suum,
1752 1609 1890 1645 nempe

365 1667 594 1702 solutionem
619 1664 818 1711 cujusdam
844 1664 1138 1712 propositionis,
1166 1674 1281 1710 quam
1314 1664 1361 1699 ab
1389 1663 1568 1698 omnibus
1595 1664 1752 1710 quidem
1778 1673 1890 1712 peto,

363 1734 431 1769 sed
456 1745 478 1768 a
506 1739 565 1774 tc,
595 1733 657 1767 vir
684 1732 920 1767 nobilissime
936 1757 946 1774 ‚
983 1738 1087 1767 certo
1113 1737 1336 1777 exspectare
1360 1741 1530 1777 possum.

413 1802 722 1842 lucrementum,
745 1799 847 1845 quod
868 1810 938 1846 per
964 1805 1002 1834 te
1024 1798 1206 1833 scientiae
1226 1803 1480 1844 aeceperunt,
1506 1803 1654 1833 certum
1680 1810 1742 1833 me
1765 1790 1892 1835 reddit

369 1867 471 1914 quod
494 1867 612 1902 etiam
638 1867 803 1902 libenter
827 1877 895 1913 per
923 1866 1155 1901 solutionem
1182 1864 1287 1899 illius
1314 1864 1610 1910 propositionis,
1642 1864 1683 1899 in
1716 1877 1793 1911 qua
1814 1878 1890 1902 non

364 1935 439 1970 nisi
464 1944 511 1968 ex
534 1933 647 1968 rectis
674 1932 786 1967 lineis
810 1931 1032 1979 quaerenda
1058 1938 1116 1966 est
1143 1931 1344 1976 longitudo
1363 1937 1489 1965 rectae
1513 1931 1639 1967 lineae
1655 1956 1665 1973 ‚
1696 1933 1888 1976 cognitum

364 2000 505 2037 reddas
542 1998 852 2046 proportionem,
887 2009 986 2044 quae
1021 2005 1080 2033 est
1110 1997 1213 2034 inter
1250 1996 1434 2033 circulum
1466 2003 1506 2033 et
1545 1997 1776 2043 quadratum
1805 1999 1886 2044 ejus

367 2067 562 2104 diametri.

413 2134 513 2178 Quin
540 2134 618 2169 imo
641 2139 751 2169 tanta
780 2144 842 2168 me
867 2137 974 2168 tenet
992 2133 1077 2179 eJus
1105 2132 1162 2167 rei
1186 2131 1351 2174 fiducia,
1380 2136 1423 2166 ut
1447 2131 1487 2165 in
1515 2136 1638 2166 totum
1666 2131 1888 2178 supersede-

366 2213 448 2240 rem
470 2212 532 2237 me
566 2200 629 2237 hic
665 2210 873 2243 excusare,
909 2198 1010 2246 quod
1043 2199 1115 2234 tibi
1150 2199 1303 2246 ignotus
1337 2209 1381 2233 ea
1406 2197 1453 2232 de
1481 2210 1521 2233 re
1559 2198 1741 2234 molestus
1788 2199 1884 2239 sim,

1811 2274 1884 2300 nisi
