<?xml version="1.0" encoding="UTF-8"?>
<!DOCTYPE html PUBLIC "-//W3C//DTD XHTML 1.0 Transitional//EN"
    "http://www.w3.org/TR/xhtml1/DTD/xhtml1-transitional.dtd">
<html xmlns="http://www.w3.org/1999/xhtml" xml:lang="en" lang="en">
 <head>
  <title>
</title>
<meta http-equiv="Content-Type" content="text/html;charset=utf-8" />
  <meta name='ocr-system' content='tesseract 3.04.00' />
  <meta name='ocr-capabilities' content='ocr_page ocr_carea ocr_par ocr_line ocrx_word'/>
</head>
<body>
  <div class='ocr_page' id='page_1' title='image "./christianihugeni00huyg_0489.png"; bbox 0 0 2051 2648; ppageno 0'>
   <div class='ocr_carea' id='block_1_1' title="bbox 791 179 970 338">
    <p class='ocr_par' dir='ltr' id='par_1_1' title="bbox 791 179 970 338">
     <span class='ocr_line' id='line_1_1' title="bbox 808 179 956 226; baseline 0.014 -12"><span class='ocrx_word' id='word_1_1' title='bbox 808 179 823 226; x_wconf 90' lang='lat'>(</span> <span class='ocrx_word' id='word_1_2' title='bbox 850 180 916 216; x_wconf 73' lang='lat'>145</span> <span class='ocrx_word' id='word_1_3' title='bbox 941 179 956 226; x_wconf 92' lang='lat'>)</span> 
     </span>
     <span class='ocr_line' id='line_1_2' title="bbox 791 276 970 338; baseline -0.028 0"><span class='ocrx_word' id='word_1_4' title='bbox 791 276 818 338; x_wconf 77' lang='lat'><em>§</em></span> <span class='ocrx_word' id='word_1_5' title='bbox 856 282 970 333; x_wconf 81' lang='lat' dir='ltr'>XV.</span> 
     </span>
    </p>
   </div>
   <div class='ocr_carea' id='block_1_2' title="bbox 130 401 1600 584">
    <p class='ocr_par' dir='ltr' id='par_1_2' title="bbox 130 401 1600 584">
     <span class='ocr_line' id='line_1_3' title="bbox 130 401 1600 452; baseline 0.003 -12"><span class='ocrx_word' id='word_1_6' title='bbox 130 403 192 440; x_wconf 85' lang='lat' dir='ltr'>Ad</span> <span class='ocrx_word' id='word_1_7' title='bbox 217 415 301 451; x_wconf 85' lang='lat' dir='ltr'><strong>pag.</strong></span> <span class='ocrx_word' id='word_1_8' title='bbox 331 404 396 439; x_wconf 86' lang='lat'>151</span> <span class='ocrx_word' id='word_1_9' title='bbox 435 402 578 438; x_wconf 84' lang='lat' dir='ltr'>verba:</span> <span class='ocrx_word' id='word_1_10' title='bbox 616 401 712 448; x_wconf 75' lang='lat' dir='ltr'>J&#39;ay</span> <span class='ocrx_word' id='word_1_11' title='bbox 731 403 946 438; x_wconf 76' lang='lat' dir='ltr'>rencontre&#39;</span> <span class='ocrx_word' id='word_1_12' title='bbox 970 414 1046 437; x_wconf 70' lang='lat' dir='ltr'>ame</span> <span class='ocrx_word' id='word_1_13' title='bbox 1080 415 1219 440; x_wconf 74' lang='lat' dir='ltr'>source</span> <span class='ocrx_word' id='word_1_14' title='bbox 1239 416 1320 452; x_wconf 77' lang='lat' dir='ltr'>peu</span> <span class='ocrx_word' id='word_1_15' title='bbox 1349 417 1497 443; x_wconf 78' lang='lat' dir='ltr'>comme</span> <span class='ocrx_word' id='word_1_16' title='bbox 1529 416 1600 446; x_wconf 89' lang='lat' dir='ltr'>cet.</span> 
     </span>
     <span class='ocr_line' id='line_1_4' title="bbox 252 468 1482 518; baseline 0.003 -13"><span class='ocrx_word' id='word_1_17' title='bbox 252 471 333 506; x_wconf 86' lang='lat' dir='ltr'>coll.</span> <span class='ocrx_word' id='word_1_18' title='bbox 357 481 440 517; x_wconf 83' lang='lat' dir='ltr'>pag.</span> <span class='ocrx_word' id='word_1_19' title='bbox 464 472 557 512; x_wconf 78' lang='lat'>245,</span> <span class='ocrx_word' id='word_1_20' title='bbox 585 468 634 504; x_wconf 90' lang='lat' dir='ltr'>ad</span> <span class='ocrx_word' id='word_1_21' title='bbox 656 470 795 506; x_wconf 83' lang='lat' dir='ltr'>verba:</span> <span class='ocrx_word' id='word_1_22' title='bbox 828 480 924 505; x_wconf 76' lang='lat' dir='ltr'>vous</span> <span class='ocrx_word' id='word_1_23' title='bbox 953 481 1002 504; x_wconf 78' lang='lat' dir='ltr'>ne</span> <span class='ocrx_word' id='word_1_24' title='bbox 1018 482 1194 517; x_wconf 78' lang='lat' dir='ltr'>poarrez</span> <span class='ocrx_word' id='word_1_25' title='bbox 1221 474 1384 518; x_wconf 79' lang='lat' dir='ltr'>ignorer</span> <span class='ocrx_word' id='word_1_26' title='bbox 1406 485 1482 510; x_wconf 72' lang='lat' dir='ltr'>‘ane</span> 
     </span>
     <span class='ocr_line' id='line_1_5' title="bbox 576 535 1225 584; baseline 0.006 -16"><span class='ocrx_word' id='word_1_27' title='bbox 576 535 753 571; x_wconf 79' lang='lat' dir='ltr'>methode</span> <span class='ocrx_word' id='word_1_28' title='bbox 778 547 859 584; x_wconf 78' lang='lat' dir='ltr'>peu</span> <span class='ocrx_word' id='word_1_29' title='bbox 902 547 1052 572; x_wconf 79' lang='lat' dir='ltr'>comme</span> <span class='ocrx_word' id='word_1_30' title='bbox 1084 543 1155 572; x_wconf 91' lang='lat' dir='ltr'>cet.</span> <span class='ocrx_word' id='word_1_31' title='bbox 1222 541 1225 543; x_wconf 74' lang='grc'><strong><em>’</em></strong></span> 
     </span>
    </p>
   </div>
   <div class='ocr_carea' id='block_1_3' title="bbox 96 712 1631 2179">
    <p class='ocr_par' dir='ltr' id='par_1_3' title="bbox 100 712 1628 1051">
     <span class='ocr_line' id='line_1_6' title="bbox 104 712 1628 784; baseline 0.004 -15"><span class='ocrx_word' id='word_1_32' title='bbox 104 712 179 769; x_wconf 83' lang='lat' dir='ltr'>De</span> <span class='ocrx_word' id='word_1_33' title='bbox 213 735 342 779; x_wconf 86' lang='lat' dir='ltr'>fonte,</span> <span class='ocrx_word' id='word_1_34' title='bbox 387 735 518 781; x_wconf 82' lang='lat' dir='ltr'><strong>paucis</strong></span> <span class='ocrx_word' id='word_1_35' title='bbox 560 733 731 780; x_wconf 78' lang='lat' dir='ltr'>cognito,</span> <span class='ocrx_word' id='word_1_36' title='bbox 771 747 793 770; x_wconf 94' lang='lat' dir='ltr'>e</span> <span class='ocrx_word' id='word_1_37' title='bbox 840 746 916 782; x_wconf 90' lang='lat' dir='ltr'>quo</span> <span class='ocrx_word' id='word_1_38' title='bbox 960 735 1165 783; x_wconf 82' lang='lat' dir='ltr'>Hugenius</span> <span class='ocrx_word' id='word_1_39' title='bbox 1201 738 1330 784; x_wconf 86' lang='lat' dir='ltr'>plures</span> <span class='ocrx_word' id='word_1_40' title='bbox 1373 738 1628 784; x_wconf 83' lang='lat' dir='ltr'>quadraturas</span> 
     </span>
     <span class='ocr_line' id='line_1_7' title="bbox 105 801 1627 850; baseline 0.002 -13"><span class='ocrx_word' id='word_1_41' title='bbox 105 812 387 847; x_wconf 88' lang='lat' dir='ltr'>curvarumque</span> <span class='ocrx_word' id='word_1_42' title='bbox 419 802 695 848; x_wconf 81' lang='lat' dir='ltr'>aequationeS,</span> <span class='ocrx_word' id='word_1_43' title='bbox 721 801 824 837; x_wconf 89' lang='lat' dir='ltr'>datis</span> <span class='ocrx_word' id='word_1_44' title='bbox 849 812 990 848; x_wconf 82' lang='lat' dir='ltr'>nempe</span> <span class='ocrx_word' id='word_1_45' title='bbox 1029 803 1242 839; x_wconf 86' lang='lat' dir='ltr'>earundem</span> <span class='ocrx_word' id='word_1_46' title='bbox 1282 805 1627 850; x_wconf 85' lang='lat' dir='ltr'>subtangentibus‚</span> 
     </span>
     <span class='ocr_line' id='line_1_8' title="bbox 102 868 1628 915; baseline 0.003 -11"><span class='ocrx_word' id='word_1_47' title='bbox 102 868 253 915; x_wconf 86' lang='lat' dir='ltr'>aliaque</span> <span class='ocrx_word' id='word_1_48' title='bbox 285 868 426 903; x_wconf 89' lang='lat' dir='ltr'>similia</span> <span class='ocrx_word' id='word_1_49' title='bbox 465 868 659 909; x_wconf 82' lang='lat' dir='ltr'><strong>hauserit,</strong></span> <span class='ocrx_word' id='word_1_50' title='bbox 700 869 771 904; x_wconf 92' lang='lat' dir='ltr'>hoc</span> <span class='ocrx_word' id='word_1_51' title='bbox 814 868 895 904; x_wconf 90' lang='lat' dir='ltr'>loco</span> <span class='ocrx_word' id='word_1_52' title='bbox 936 870 1120 905; x_wconf 88' lang='lat' dir='ltr'>nonnulla</span> <span class='ocrx_word' id='word_1_53' title='bbox 1148 876 1239 905; x_wconf 88' lang='lat' dir='ltr'>sunt</span> <span class='ocrx_word' id='word_1_54' title='bbox 1271 871 1628 915; x_wconf 83' lang='lat' dir='ltr'>commemoranda,</span> 
     </span>
     <span class='ocr_line' id='line_1_9' title="bbox 100 934 1628 981; baseline 0.003 -12"><span class='ocrx_word' id='word_1_55' title='bbox 100 940 184 970; x_wconf 88' lang='lat' dir='ltr'>tum</span> <span class='ocrx_word' id='word_1_56' title='bbox 204 935 386 981; x_wconf 88' lang='lat' dir='ltr'>quoniam</span> <span class='ocrx_word' id='word_1_57' title='bbox 412 934 524 981; x_wconf 88' lang='lat' dir='ltr'>plura</span> <span class='ocrx_word' id='word_1_58' title='bbox 542 934 590 970; x_wconf 89' lang='lat' dir='ltr'>de</span> <span class='ocrx_word' id='word_1_59' title='bbox 605 934 704 970; x_wconf 89' lang='lat' dir='ltr'>eoin</span> <span class='ocrx_word' id='word_1_60' title='bbox 725 934 1052 972; x_wconf 88' lang='lat' dir='ltr'>Adversariorum</span> <span class='ocrx_word' id='word_1_61' title='bbox 1072 937 1168 972; x_wconf 90' lang='lat' dir='ltr'>libro</span> <span class='ocrx_word' id='word_1_62' title='bbox 1191 937 1242 974; x_wconf 92' lang='lat' dir='ltr'>H.</span> <span class='ocrx_word' id='word_1_63' title='bbox 1268 944 1451 975; x_wconf 82' lang='lat' dir='ltr'>annotata</span> <span class='ocrx_word' id='word_1_64' title='bbox 1474 939 1628 975; x_wconf 87' lang='lat' dir='ltr'>inveni-</span> 
     </span>
     <span class='ocr_line' id='line_1_10' title="bbox 100 1001 1518 1051; baseline 0.004 -16"><span class='ocrx_word' id='word_1_65' title='bbox 100 1011 207 1044; x_wconf 86' lang='lat' dir='ltr'>mus,</span> <span class='ocrx_word' id='word_1_66' title='bbox 241 1006 325 1037; x_wconf 88' lang='lat' dir='ltr'>tum</span> <span class='ocrx_word' id='word_1_67' title='bbox 357 1001 537 1048; x_wconf 88' lang='lat' dir='ltr'>quoniam</span> <span class='ocrx_word' id='word_1_68' title='bbox 563 1012 624 1037; x_wconf 85' lang='lat' dir='ltr'>res</span> <span class='ocrx_word' id='word_1_69' title='bbox 645 1001 731 1048; x_wconf 83' lang='lat' dir='ltr'>ipsa</span> <span class='ocrx_word' id='word_1_70' title='bbox 754 1001 871 1048; x_wconf 84' lang='lat' dir='ltr'>digna</span> <span class='ocrx_word' id='word_1_71' title='bbox 895 1008 953 1038; x_wconf 88' lang='lat' dir='ltr'>est</span> <span class='ocrx_word' id='word_1_72' title='bbox 983 1014 1080 1049; x_wconf 89' lang='lat' dir='ltr'>quae</span> <span class='ocrx_word' id='word_1_73' title='bbox 1102 1004 1262 1039; x_wconf 85' lang='lat' dir='ltr'>ulterius</span> <span class='ocrx_word' id='word_1_74' title='bbox 1293 1004 1518 1051; x_wconf 82' lang='lat' dir='ltr'>explicetur.</span> 
     </span>
    </p>

    <p class='ocr_par' dir='ltr' id='par_1_4' title="bbox 98 1067 1631 1500">
     <span class='ocr_line' id='line_1_11' title="bbox 148 1067 1631 1116; baseline 0.002 -14"><span class='ocrx_word' id='word_1_75' title='bbox 148 1067 354 1103; x_wconf 89' lang='lat' dir='ltr'>Methodus</span> <span class='ocrx_word' id='word_1_76' title='bbox 368 1078 417 1105; x_wconf 85' lang='lat' dir='ltr'>sc.</span> <span class='ocrx_word' id='word_1_77' title='bbox 436 1092 446 1110; x_wconf 88' lang='lat'>‚</span> <span class='ocrx_word' id='word_1_78' title='bbox 462 1078 539 1113; x_wconf 88' lang='lat' dir='ltr'>qua</span> <span class='ocrx_word' id='word_1_79' title='bbox 551 1068 676 1103; x_wconf 85' lang='lat' dir='ltr'>utitur</span> <span class='ocrx_word' id='word_1_80' title='bbox 697 1068 922 1114; x_wconf 83' lang='lat' dir='ltr'>Hugenius,</span> <span class='ocrx_word' id='word_1_81' title='bbox 947 1081 992 1105; x_wconf 90' lang='lat' dir='ltr'>ea</span> <span class='ocrx_word' id='word_1_82' title='bbox 1010 1076 1088 1112; x_wconf 87' lang='lat' dir='ltr'>est,</span> <span class='ocrx_word' id='word_1_83' title='bbox 1105 1082 1220 1116; x_wconf 80' lang='lat' dir='ltr'>quam</span> <span class='ocrx_word' id='word_1_84' title='bbox 1233 1071 1520 1107; x_wconf 82' lang='lat' dir='ltr'>commendavit</span> <span class='ocrx_word' id='word_1_85' title='bbox 1537 1071 1631 1107; x_wconf 84' lang='lat' dir='ltr'>Fer-</span> 
     </span>
     <span class='ocr_line' id='line_1_12' title="bbox 100 1133 1629 1180; baseline 0.003 -13"><span class='ocrx_word' id='word_1_86' title='bbox 100 1133 262 1176; x_wconf 85' lang='lat' dir='ltr'>matius,</span> <span class='ocrx_word' id='word_1_87' title='bbox 290 1133 638 1168; x_wconf 77' lang='lat' dir='ltr'>innissertatione</span> <span class='ocrx_word' id='word_1_88' title='bbox 681 1133 729 1168; x_wconf 87' lang='lat' dir='ltr'>de</span> <span class='ocrx_word' id='word_1_89' title='bbox 766 1137 1047 1180; x_wconf 55' lang='lat' dir='ltr'>aequationem»</span> <span class='ocrx_word' id='word_1_90' title='bbox 1082 1136 1266 1170; x_wconf 77' lang='lat' dir='ltr'><em>localium</em></span> <span class='ocrx_word' id='word_1_91' title='bbox 1290 1139 1629 1172; x_wconf 73' lang='lat' dir='ltr'><em>transmutatione</em></span> 
     </span>
     <span class='ocr_line' id='line_1_13' title="bbox 98 1197 1625 1246; baseline 0.003 -13"><span class='ocrx_word' id='word_1_92' title='bbox 98 1199 113 1245; x_wconf 96' lang='lat'>(</span> <span class='ocrx_word' id='word_1_93' title='bbox 127 1197 185 1234; x_wconf 83' lang='lat' dir='ltr'>eff.</span> <span class='ocrx_word' id='word_1_94' title='bbox 205 1197 391 1234; x_wconf 87' lang='lat' dir='ltr'>Fermatii</span> <span class='ocrx_word' id='word_1_95' title='bbox 411 1198 527 1233; x_wconf 87' lang='lat' dir='ltr'>Varia</span> <span class='ocrx_word' id='word_1_96' title='bbox 550 1198 676 1242; x_wconf 87' lang='lat' dir='ltr'>Opera</span> <span class='ocrx_word' id='word_1_97' title='bbox 700 1199 825 1235; x_wconf 88' lang='lat' dir='ltr'>math.</span> <span class='ocrx_word' id='word_1_98' title='bbox 853 1210 939 1244; x_wconf 84' lang='lat' dir='ltr'>pag.</span> <span class='ocrx_word' id='word_1_99' title='bbox 967 1203 1011 1233; x_wconf 91' lang='lat'>51</span> <span class='ocrx_word' id='word_1_100' title='bbox 1035 1220 1082 1227; x_wconf 92' lang='lat'>—</span> <span class='ocrx_word' id='word_1_101' title='bbox 1105 1205 1151 1235; x_wconf 81' lang='lat'>57</span> <span class='ocrx_word' id='word_1_102' title='bbox 1166 1201 1180 1243; x_wconf 95' lang='lat'><em>)</em></span> <span class='ocrx_word' id='word_1_103' title='bbox 1197 1224 1207 1241; x_wconf 92' lang='lat'><strong><em>‚</em></strong></span> <span class='ocrx_word' id='word_1_104' title='bbox 1231 1202 1298 1235; x_wconf 87' lang='lat' dir='ltr'>sed</span> <span class='ocrx_word' id='word_1_105' title='bbox 1326 1213 1425 1246; x_wconf 88' lang='lat' dir='ltr'>quae</span> <span class='ocrx_word' id='word_1_106' title='bbox 1456 1203 1510 1238; x_wconf 90' lang='lat' dir='ltr'>ibi</span> <span class='ocrx_word' id='word_1_107' title='bbox 1532 1203 1625 1245; x_wconf 84' lang='lat' dir='ltr'>loci,</span> 
     </span>
     <span class='ocr_line' id='line_1_14' title="bbox 98 1261 1621 1312; baseline 0.004 -14"><span class='ocrx_word' id='word_1_108' title='bbox 98 1269 196 1298; x_wconf 89' lang='lat' dir='ltr'>teste</span> <span class='ocrx_word' id='word_1_109' title='bbox 231 1262 431 1307; x_wconf 88' lang='lat' dir='ltr'>Hugenio,</span> <span class='ocrx_word' id='word_1_110' title='bbox 465 1261 646 1304; x_wconf 85' lang='lat' dir='ltr'>confuse,</span> <span class='ocrx_word' id='word_1_111' title='bbox 677 1272 856 1307; x_wconf 89' lang='lat' dir='ltr'>perverse</span> <span class='ocrx_word' id='word_1_112' title='bbox 883 1269 922 1298; x_wconf 87' lang='lat' dir='ltr'>et</span> <span class='ocrx_word' id='word_1_113' title='bbox 960 1264 1066 1299; x_wconf 88' lang='lat' dir='ltr'>nulla</span> <span class='ocrx_word' id='word_1_114' title='bbox 1096 1265 1231 1301; x_wconf 87' lang='lat' dir='ltr'>addita</span> <span class='ocrx_word' id='word_1_115' title='bbox 1271 1265 1621 1312; x_wconf 83' lang='lat' dir='ltr'>demonstratione,</span> 
     </span>
     <span class='ocr_line' id='line_1_15' title="bbox 100 1327 1627 1376; baseline 0.004 -12"><span class='ocrx_word' id='word_1_116' title='bbox 100 1336 160 1365; x_wconf 89' lang='lat' dir='ltr'>est</span> <span class='ocrx_word' id='word_1_117' title='bbox 181 1328 398 1376; x_wconf 81' lang='lat' dir='ltr'>proposita3</span> <span class='ocrx_word' id='word_1_118' title='bbox 431 1327 488 1363; x_wconf 90' lang='lat' dir='ltr'>ita</span> <span class='ocrx_word' id='word_1_119' title='bbox 510 1333 576 1370; x_wconf 91' lang='lat' dir='ltr'>ut,</span> <span class='ocrx_word' id='word_1_120' title='bbox 605 1327 637 1362; x_wconf 87' lang='lat' dir='ltr'>si</span> <span class='ocrx_word' id='word_1_121' title='bbox 662 1328 749 1373; x_wconf 84' lang='lat' dir='ltr'>quis</span> <span class='ocrx_word' id='word_1_122' title='bbox 775 1328 875 1364; x_wconf 86' lang='lat' dir='ltr'>hanc</span> <span class='ocrx_word' id='word_1_123' title='bbox 909 1330 1134 1366; x_wconf 89' lang='lat' dir='ltr'>methodum</span> <span class='ocrx_word' id='word_1_124' title='bbox 1168 1331 1208 1367; x_wconf 91' lang='lat' dir='ltr'>in</span> <span class='ocrx_word' id='word_1_125' title='bbox 1240 1342 1323 1367; x_wconf 88' lang='lat' dir='ltr'>suos</span> <span class='ocrx_word' id='word_1_126' title='bbox 1349 1343 1441 1368; x_wconf 88' lang='lat' dir='ltr'>usus</span> <span class='ocrx_word' id='word_1_127' title='bbox 1471 1345 1627 1370; x_wconf 86' lang='lat' dir='ltr'>conver-</span> 
     </span>
     <span class='ocr_line' id='line_1_16' title="bbox 100 1393 1626 1443; baseline 0.005 -14"><span class='ocrx_word' id='word_1_128' title='bbox 100 1402 182 1431; x_wconf 86' lang='lat' dir='ltr'>tere</span> <span class='ocrx_word' id='word_1_129' title='bbox 208 1396 326 1438; x_wconf 90' lang='lat' dir='ltr'>velit,</span> <span class='ocrx_word' id='word_1_130' title='bbox 360 1394 495 1431; x_wconf 87' lang='lat' dir='ltr'>eadem</span> <span class='ocrx_word' id='word_1_131' title='bbox 531 1393 606 1440; x_wconf 86' lang='lat' dir='ltr'>ipsi</span> <span class='ocrx_word' id='word_1_132' title='bbox 634 1394 891 1439; x_wconf 84' lang='lat' dir='ltr'>illustranda,</span> <span class='ocrx_word' id='word_1_133' title='bbox 932 1397 1175 1443; x_wconf 85' lang='lat' dir='ltr'>corrigenda,</span> <span class='ocrx_word' id='word_1_134' title='bbox 1219 1405 1259 1434; x_wconf 89' lang='lat' dir='ltr'>et</span> <span class='ocrx_word' id='word_1_135' title='bbox 1299 1398 1626 1437; x_wconf 84' lang='lat' dir='ltr'>demonstratione</span> 
     </span>
     <span class='ocr_line' id='line_1_17' title="bbox 99 1463 370 1500; baseline 0.011 -3"><span class='ocrx_word' id='word_1_136' title='bbox 99 1463 271 1499; x_wconf 87' lang='lat' dir='ltr'>ornanda</span> <span class='ocrx_word' id='word_1_137' title='bbox 306 1463 370 1500; x_wconf 85' lang='lat' dir='ltr'>sit.</span> 
     </span>
    </p>

    <p class='ocr_par' dir='ltr' id='par_1_5' title="bbox 96 1529 1626 1711">
     <span class='ocr_line' id='line_1_18' title="bbox 148 1529 1626 1579; baseline 0.004 -16"><span class='ocrx_word' id='word_1_138' title='bbox 148 1529 263 1564; x_wconf 89' lang='lat' dir='ltr'>Hunc</span> <span class='ocrx_word' id='word_1_139' title='bbox 284 1529 401 1575; x_wconf 82' lang='lat' dir='ltr'>igitur</span> <span class='ocrx_word' id='word_1_140' title='bbox 423 1529 590 1565; x_wconf 87' lang='lat' dir='ltr'>laborem</span> <span class='ocrx_word' id='word_1_141' title='bbox 615 1540 814 1576; x_wconf 81' lang='lat' dir='ltr'>aggressus</span> <span class='ocrx_word' id='word_1_142' title='bbox 839 1538 897 1567; x_wconf 87' lang='lat' dir='ltr'>est</span> <span class='ocrx_word' id='word_1_143' title='bbox 925 1532 1152 1578; x_wconf 85' lang='lat' dir='ltr'>Hugenius,</span> <span class='ocrx_word' id='word_1_144' title='bbox 1172 1531 1409 1579; x_wconf 84' lang='lat' dir='ltr'>feliciterque</span> <span class='ocrx_word' id='word_1_145' title='bbox 1438 1533 1486 1569; x_wconf 86' lang='lat' dir='ltr'>ad</span> <span class='ocrx_word' id='word_1_146' title='bbox 1508 1534 1626 1569; x_wconf 86' lang='lat' dir='ltr'>finem</span> 
     </span>
     <span class='ocr_line' id='line_1_19' title="bbox 97 1595 1626 1646; baseline 0.004 -16"><span class='ocrx_word' id='word_1_147' title='bbox 97 1595 298 1641; x_wconf 81' lang='lat' dir='ltr'>perduxit3</span> <span class='ocrx_word' id='word_1_148' title='bbox 329 1607 404 1632; x_wconf 91' lang='lat' dir='ltr'>nec</span> <span class='ocrx_word' id='word_1_149' title='bbox 432 1597 569 1632; x_wconf 86' lang='lat' dir='ltr'>habuit</span> <span class='ocrx_word' id='word_1_150' title='bbox 609 1597 711 1643; x_wconf 93' lang='lat' dir='ltr'>quod</span> <span class='ocrx_word' id='word_1_151' title='bbox 749 1598 877 1644; x_wconf 89' lang='lat' dir='ltr'>ipsum</span> <span class='ocrx_word' id='word_1_152' title='bbox 909 1600 1055 1645; x_wconf 84' lang='lat' dir='ltr'>peracti</span> <span class='ocrx_word' id='word_1_153' title='bbox 1084 1599 1224 1634; x_wconf 87' lang='lat' dir='ltr'>laboris</span> <span class='ocrx_word' id='word_1_154' title='bbox 1267 1599 1505 1646; x_wconf 86' lang='lat' dir='ltr'>poeniteret,</span> <span class='ocrx_word' id='word_1_155' title='bbox 1540 1612 1626 1636; x_wconf 87' lang='lat' dir='ltr'>cum</span> 
     </span>
     <span class='ocr_line' id='line_1_20' title="bbox 96 1662 1603 1711; baseline 0.007 -15"><span class='ocrx_word' id='word_1_156' title='bbox 96 1662 225 1707; x_wconf 84' lang='lat' dir='ltr'>plures</span> <span class='ocrx_word' id='word_1_157' title='bbox 244 1672 293 1697; x_wconf 86' lang='lat' dir='ltr'>ex</span> <span class='ocrx_word' id='word_1_158' title='bbox 318 1674 362 1697; x_wconf 89' lang='lat' dir='ltr'>eo</span> <span class='ocrx_word' id='word_1_159' title='bbox 390 1662 600 1709; x_wconf 86' lang='lat' dir='ltr'>dulcesque</span> <span class='ocrx_word' id='word_1_160' title='bbox 626 1665 842 1711; x_wconf 86' lang='lat' dir='ltr'>perceperit</span> <span class='ocrx_word' id='word_1_161' title='bbox 862 1664 1022 1700; x_wconf 82' lang='lat' dir='ltr'>fructus.</span> <span class='ocrx_word' id='word_1_162' title='bbox 1207 1669 1211 1671; x_wconf 57' lang='lat'><em>⁷</em></span> <span class='ocrx_word' id='word_1_163' title='bbox 1601 1704 1603 1706; x_wconf 85' lang='grc'><em>,</em></span> 
     </span>
    </p>

    <p class='ocr_par' dir='ltr' id='par_1_6' title="bbox 101 1727 1624 1844">
     <span class='ocr_line' id='line_1_21' title="bbox 146 1727 1624 1777; baseline 0.003 -14"><span class='ocrx_word' id='word_1_164' title='bbox 146 1727 353 1766; x_wconf 85' lang='lat' dir='ltr'>Videamus</span> <span class='ocrx_word' id='word_1_165' title='bbox 384 1730 535 1776; x_wconf 86' lang='lat' dir='ltr'>itaque,</span> <span class='ocrx_word' id='word_1_166' title='bbox 573 1730 669 1766; x_wconf 90' lang='lat' dir='ltr'>duce</span> <span class='ocrx_word' id='word_1_167' title='bbox 690 1731 889 1777; x_wconf 85' lang='lat' dir='ltr'>Hugenio,</span> <span class='ocrx_word' id='word_1_168' title='bbox 918 1742 1017 1777; x_wconf 90' lang='lat' dir='ltr'>quae</span> <span class='ocrx_word' id='word_1_169' title='bbox 1035 1732 1085 1767; x_wconf 89' lang='lat' dir='ltr'>sit</span> <span class='ocrx_word' id='word_1_170' title='bbox 1102 1732 1178 1768; x_wconf 83' lang='lat' dir='ltr'>ista</span> <span class='ocrx_word' id='word_1_171' title='bbox 1199 1732 1384 1769; x_wconf 84' lang='lat' dir='ltr'>Fermatii</span> <span class='ocrx_word' id='word_1_172' title='bbox 1398 1731 1624 1776; x_wconf 85' lang='lat' dir='ltr'>methodus,</span> 
     </span>
     <span class='ocr_line' id='line_1_22' title="bbox 101 1796 1178 1844; baseline 0.003 -13"><span class='ocrx_word' id='word_1_173' title='bbox 101 1796 238 1840; x_wconf 88' lang='lat' dir='ltr'>quibus</span> <span class='ocrx_word' id='word_1_174' title='bbox 266 1796 414 1832; x_wconf 88' lang='lat' dir='ltr'>nitatur</span> <span class='ocrx_word' id='word_1_175' title='bbox 437 1797 663 1843; x_wconf 86' lang='lat' dir='ltr'>principiis,</span> <span class='ocrx_word' id='word_1_176' title='bbox 692 1798 779 1844; x_wconf 90' lang='lat' dir='ltr'>quis</span> <span class='ocrx_word' id='word_1_177' title='bbox 806 1798 856 1833; x_wconf 90' lang='lat' dir='ltr'>sit</span> <span class='ocrx_word' id='word_1_178' title='bbox 882 1798 1056 1844; x_wconf 87' lang='lat' dir='ltr'>ejusdem</span> <span class='ocrx_word' id='word_1_179' title='bbox 1076 1809 1178 1835; x_wconf 82' lang='lat' dir='ltr'>usus,</span> 
     </span>
    </p>

    <p class='ocr_par' dir='ltr' id='par_1_7' title="bbox 96 1861 1625 2113">
     <span class='ocr_line' id='line_1_23' title="bbox 148 1861 1625 1912; baseline 0.004 -15"><span class='ocrx_word' id='word_1_180' title='bbox 148 1861 348 1907; x_wconf 87' lang='lat' dir='ltr'>Hugenius</span> <span class='ocrx_word' id='word_1_181' title='bbox 373 1863 542 1909; x_wconf 90' lang='lat' dir='ltr'>primum</span> <span class='ocrx_word' id='word_1_182' title='bbox 564 1863 739 1900; x_wconf 88' lang='lat' dir='ltr'>methodi</span> <span class='ocrx_word' id='word_1_183' title='bbox 774 1863 1030 1900; x_wconf 84' lang='lat' dir='ltr'>fundamenta</span> <span class='ocrx_word' id='word_1_184' title='bbox 1061 1865 1263 1912; x_wconf 87' lang='lat' dir='ltr'>exposuit,</span> <span class='ocrx_word' id='word_1_185' title='bbox 1290 1875 1500 1912; x_wconf 87' lang='lat' dir='ltr'>eorumque</span> <span class='ocrx_word' id='word_1_186' title='bbox 1518 1868 1625 1903; x_wconf 84' lang='lat' dir='ltr'>veri-</span> 
     </span>
     <span class='ocr_line' id='line_1_24' title="bbox 96 1929 1621 1980; baseline 0.004 -17"><span class='ocrx_word' id='word_1_187' title='bbox 96 1934 217 1964; x_wconf 83' lang='lat' dir='ltr'>tatem</span> <span class='ocrx_word' id='word_1_188' title='bbox 252 1929 533 1968; x_wconf 76' lang='lat' dir='ltr'>demonstravit</span> <span class='ocrx_word' id='word_1_189' title='bbox 554 1932 597 1966; x_wconf 88' lang='lat' dir='ltr'>in</span> <span class='ocrx_word' id='word_1_190' title='bbox 622 1930 914 1968; x_wconf 79' lang='lat' dir='ltr'>Advers.Lib1·o</span> <span class='ocrx_word' id='word_1_191' title='bbox 937 1930 988 1966; x_wconf 88' lang='lat' dir='ltr'>H.</span> <span class='ocrx_word' id='word_1_192' title='bbox 1011 1942 1096 1979; x_wconf 82' lang='lat' dir='ltr'>pag.</span> <span class='ocrx_word' id='word_1_193' title='bbox 1127 1932 1197 1967; x_wconf 84' lang='lat'>110</span> <span class='ocrx_word' id='word_1_194' title='bbox 1213 1942 1268 1977; x_wconf 88' lang='lat' dir='ltr'>sq.</span> <span class='ocrx_word' id='word_1_195' title='bbox 1282 1944 1292 1976; x_wconf 71' lang='grc' dir='ltr'><strong><em>ς</em></strong></span> <span class='ocrx_word' id='word_1_196' title='bbox 1329 1931 1420 1967; x_wconf 90' lang='lat' dir='ltr'>dein</span> <span class='ocrx_word' id='word_1_197' title='bbox 1444 1934 1621 1980; x_wconf 83' lang='lat' dir='ltr'>exempla</span> 
     </span>
     <span class='ocr_line' id='line_1_25' title="bbox 96 1995 1620 2045; baseline 0.003 -15"><span class='ocrx_word' id='word_1_198' title='bbox 96 2007 117 2029; x_wconf 89' lang='lat' dir='ltr'>a</span> <span class='ocrx_word' id='word_1_199' title='bbox 146 1995 340 2031; x_wconf 90' lang='lat' dir='ltr'>Fermatio</span> <span class='ocrx_word' id='word_1_200' title='bbox 361 1997 535 2033; x_wconf 80' lang='lat' dir='ltr'>exhibita</span> <span class='ocrx_word' id='word_1_201' title='bbox 561 1997 798 2039; x_wconf 83' lang='lat' dir='ltr'>illustravit,</span> <span class='ocrx_word' id='word_1_202' title='bbox 817 2008 856 2043; x_wconf 90' lang='lat' dir='ltr'>p.</span> <span class='ocrx_word' id='word_1_203' title='bbox 881 1998 948 2032; x_wconf 84' lang='lat'>138</span> <span class='ocrx_word' id='word_1_204' title='bbox 970 2017 1007 2023; x_wconf 88' lang='lat'><em>-</em></span> <span class='ocrx_word' id='word_1_205' title='bbox 1023 2000 1093 2033; x_wconf 85' lang='grc'>140</span> <span class='ocrx_word' id='word_1_206' title='bbox 1108 2023 1117 2040; x_wconf 91' lang='grc'><strong><em>,</em></strong></span> <span class='ocrx_word' id='word_1_207' title='bbox 1142 1998 1299 2034; x_wconf 84' lang='lat' dir='ltr'>tandem</span> <span class='ocrx_word' id='word_1_208' title='bbox 1322 1999 1417 2045; x_wconf 88' lang='lat' dir='ltr'>ipsis</span> <span class='ocrx_word' id='word_1_209' title='bbox 1445 2000 1620 2035; x_wconf 86' lang='lat' dir='ltr'>methodi</span> 
     </span>
     <span class='ocr_line' id='line_1_26' title="bbox 96 2063 1615 2113; baseline 0.005 -16"><span class='ocrx_word' id='word_1_210' title='bbox 96 2063 311 2109; x_wconf 85' lang='lat' dir='ltr'>praeceptis</span> <span class='ocrx_word' id='word_1_211' title='bbox 335 2064 376 2098; x_wconf 91' lang='lat' dir='ltr'>in</span> <span class='ocrx_word' id='word_1_212' title='bbox 401 2065 595 2100; x_wconf 88' lang='lat' dir='ltr'>nonnullis</span> <span class='ocrx_word' id='word_1_213' title='bbox 615 2064 860 2111; x_wconf 87' lang='lat' dir='ltr'>quadraturis</span> <span class='ocrx_word' id='word_1_214' title='bbox 878 2065 1131 2101; x_wconf 88' lang='lat' dir='ltr'>inveniundis</span> <span class='ocrx_word' id='word_1_215' title='bbox 1158 2075 1250 2102; x_wconf 88' lang='lat' dir='ltr'>usus</span> <span class='ocrx_word' id='word_1_216' title='bbox 1284 2072 1342 2101; x_wconf 91' lang='lat' dir='ltr'>est</span> <span class='ocrx_word' id='word_1_217' title='bbox 1377 2077 1413 2112; x_wconf 90' lang='lat' dir='ltr'>p.</span> <span class='ocrx_word' id='word_1_218' title='bbox 1435 2068 1503 2101; x_wconf 91' lang='grc'>141</span> <span class='ocrx_word' id='word_1_219' title='bbox 1531 2077 1615 2113; x_wconf 88' lang='lat' dir='ltr'>sqq.</span> 
     </span>
    </p>

    <p class='ocr_par' dir='ltr' id='par_1_8' title="bbox 146 2121 1619 2179">
     <span class='ocr_line' id='line_1_27' title="bbox 146 2121 1619 2179; baseline 0.003 -16"><span class='ocrx_word' id='word_1_220' title='bbox 146 2128 254 2171; x_wconf 76' lang='lat' dir='ltr'>Quod</span> <span class='ocrx_word' id='word_1_221' title='bbox 283 2129 331 2165; x_wconf 88' lang='lat' dir='ltr'>ad</span> <span class='ocrx_word' id='word_1_222' title='bbox 357 2131 530 2168; x_wconf 88' lang='lat' dir='ltr'>methodi</span> <span class='ocrx_word' id='word_1_223' title='bbox 569 2132 759 2179; x_wconf 80' lang='lat' dir='ltr'>principia</span> <span class='ocrx_word' id='word_1_224' title='bbox 789 2132 958 2174; x_wconf 87' lang='lat' dir='ltr'>attinet,</span> <span class='ocrx_word' id='word_1_225' title='bbox 999 2133 1092 2170; x_wconf 83' lang='lat' dir='ltr'>haec</span> <span class='ocrx_word' id='word_1_226' title='bbox 1127 2133 1152 2168; x_wconf 80' lang='lat' dir='ltr'>a</span> <span class='ocrx_word' id='word_1_227' title='bbox 1185 2121 1380 2168; x_wconf 80' lang='lat' dir='ltr'>Fermatio</span> <span class='ocrx_word' id='word_1_228' title='bbox 1419 2138 1619 2177; x_wconf 88' lang='lat' dir='ltr'>ponuntur</span> 
     </span>
    </p>
   </div>
   <div class='ocr_carea' id='block_1_4' title="bbox 96 2195 1154 2297">
    <p class='ocr_par' dir='ltr' id='par_1_9' title="bbox 96 2195 1154 2297">
     <span class='ocr_line' id='line_1_28' title="bbox 96 2195 316 2241; baseline 0.009 -12"><span class='ocrx_word' id='word_1_229' title='bbox 96 2195 297 2241; x_wconf 80' lang='lat' dir='ltr'>sequentia</span> <span class='ocrx_word' id='word_1_230' title='bbox 308 2207 316 2231; x_wconf 73' lang='grc' dir='ltr'><strong>ε</strong></span> 
     </span>
     <span class='ocr_line' id='line_1_29' title="bbox 1122 2262 1154 2297; baseline 0 0"><span class='ocrx_word' id='word_1_231' title='bbox 1122 2262 1154 2297; x_wconf 83' lang='grc' dir='ltr'><strong>Τ</strong></span> 
     </span>
    </p>
   </div>
  </div>
 </body>
</html>
