2051 2648
1007 128 1137 173 (58)

302 224 431 260 circuli
456 228 629 258 sumatur
654 222 735 257 DE
751 246 761 265 ‚
788 228 950 268 apparet
981 220 1206 266 angulorum
1240 222 1384 264 DEF,
1408 223 1443 256 D
1458 223 1489 258 E
1504 224 1566 266 H,
1590 223 1626 259 D
1641 224 1718 259 EG
1742 233 1822 258 csse

301 291 407 325 sinus
434 289 535 331 DF,
567 289 679 332 DH,
712 289 808 325 DG.
859 289 950 325 Istis
978 294 1109 324 autem
1147 288 1297 334 angulis
1321 288 1501 335 aequales
1527 296 1638 334 sunt,
1665 288 1826 334 singulis

301 355 459 400 singuli,
483 357 511 391 P
538 356 573 391 D
588 356 623 392 N
637 382 647 399 ‚
674 358 706 392 R
719 356 797 392 Do
810 382 820 400 ‚
842 355 920 400 QD
938 356 976 391 M
992 380 1001 397 ‚
1040 366 1204 401 quorum
1227 356 1332 390 sinus
1359 362 1450 390 sunt
1477 355 1511 391 N
1527 356 1554 390 P
1571 379 1580 397 ‚
1610 356 1641 390 Ο
1654 358 1683 391 R
1699 381 1708 397 ,
1728 356 1768 391 M
1782 356 1827 398 Q.

299 423 396 468 Ergo
435 422 532 458 sicut
573 424 679 459 sinus
717 423 796 458 DF
839 428 1027 468 aequatur
1059 422 1206 457 duobus
1245 422 1350 465 DH,
1376 423 1475 466 DG,
1518 422 1574 456 ita
1607 422 1713 456 sinus
1753 422 1827 458 NP

300 488 530 534 aequabitur
575 489 725 525 duobus
775 489 845 524 ΟΒ
860 513 870 532 ,
921 487 1024 532 MQ3
1071 487 1175 523 unde
1218 487 1327 523 facile
1364 486 1554 532 colligitur
1598 492 1828 533 punctorum

299 556 468 599 M‚0‚N
492 561 668 592 centrum
702 556 906 604 gravitatis
933 566 1018 590 esse
1043 555 1086 589 in
1108 561 1210 590 recta
1236 555 1271 590 D
1292 555 1329 591 L.
1380 554 1538 599 Itaque,
1570 558 1721 599 reperto
1759 554 1829 587 hoc

303 628 432 657 centro
448 647 458 664 ‚
487 622 643 659 dabitur
671 629 769 659 recta
793 623 894 666 DL,
914 633 1010 668 quae
1041 622 1215 667 tangenti
1241 622 1319 657 DE
1350 626 1407 655 est
1433 620 1481 657 ad
1510 620 1667 666 angulos
1692 625 1826 657 rectos,

351 688 495 724 Eadem
528 701 621 725 vero
648 696 706 725 est
742 689 995 731 constructio,
1041 694 1288 735 quotcunque
1327 688 1418 723 data
1464 687 1612 723 fuerint
1658 692 1825 732 puncta,

304 756 349 800 [e
365 754 504 800 quibus
526 761 652 790 rectae
677 756 791 801 sunt]
830 755 878 790 ad
894 755 929 790 D
948 754 1168 798 ducendae,
1194 767 1356 801 quarum
1380 766 1530 791 summa
1553 761 1610 790 est
1637 754 1739 789 data.
