2051 2648
825 129 982 177 (151)

147 236 405 276 illustratum,
426 232 506 278 agit
529 230 578 266 de
600 227 839 277 quadratura
859 237 999 263 curvae
1017 225 1047 262 C
1060 225 1089 261 B
1103 224 1138 261 A
1172 225 1259 272 (fig.
1281 223 1353 270 54)
1370 225 1477 271 cnjus
1491 226 1670 270 aequatio

148 308 207 339 est
225 300 265 336 6⁸
278 311 360 336 ==a
372 311 398 335 α
410 309 432 334 e
444 308 483 340 -ι-
497 296 518 332 b
532 295 554 332 ὂ
565 307 599 334 e.
647 296 754 332 Duce
782 293 974 332 Fermatio
999 292 1054 327 sic
1080 291 1332 327 ratiocinatur
1363 290 1577 337 Hugenius.

198 383 216 403 »
246 367 305 404 Sit
349 367 392 402 in
445 364 673 412 aequatione
727 360 924 410 proposita
972 358 1108 395 oo=b
1122 369 1144 394 ο
1156 381 1166 401 ,
1220 358 1303 395 sive
1366 369 1445 393 o=
1459 356 1555 400 ube
1569 382 1579 400 ,
1635 363 1673 392 et

148 447 205 525 ’ἐξ
219 480 265 502 =
280 478 301 503 e
313 494 324 512 ‚
359 466 500 504 evadet
532 467 628 503 haec
659 463 839 511 aequatio
878 461 918 496 b⁴
930 473 977 496 =
988 471 1015 497 a
1027 471 1052 496 α
1064 471 1086 494 o
1099 470 1121 495 ο
1133 468 1172 499 —f-
1187 457 1207 493 ὂ
1222 456 1243 492 b
1257 469 1279 494 o
1294 469 1315 493 ο
1334 481 1345 499 ,
1382 469 1480 505 quae
1508 457 1674 506 pertiue-

148 569 205 604 bit
237 567 286 603 ad
309 577 465 603 curvam
500 565 536 602 K
549 564 654 610 HG,
675 566 717 600 in
743 575 819 610 qua
842 562 1058 610 applicatae
1093 572 1115 596 ο
1154 566 1245 596 sunt
1281 558 1432 594 mediae
1459 558 1677 604 proportio-

148 635 254 670 nales
292 634 394 668 inter
426 631 447 665 b
477 637 515 667 et
541 644 583 675 e,
611 631 844 677 dabiturque
873 639 1025 665 summa
1051 629 1225 664 omnium
1250 639 1295 669 e,
1327 626 1359 660 si
1389 624 1504 660 detur
1527 634 1677 659 summa

150 700 424 748 quadratorum
465 710 538 736 oo.
589 699 648 735 Sit
683 709 794 746 porro
829 698 873 733 in
913 696 1141 743 aequatione
1186 694 1325 730 ultima
1360 689 1552 728 aozbu
1594 690 1676 726 sive

147 779 207 858 “To
219 813 265 834 =
279 812 306 835 u
321 825 333 844 ‚
359 800 575 836 mutabitur
602 801 698 837 haec
721 799 902 848 aequatio
915 798 958 834 in
982 802 1208 845 sequentem
1223 796 1244 831 b
1258 793 1280 829 b
1292 813 1329 821 —-
1342 804 1364 828 o
1377 803 1398 826 o
1409 805 1455 827 =
1469 802 1495 828 u
1508 802 1536 827 u
1546 816 1558 834 ‚
1579 801 1676 837 quae

146 901 315 946 pertinet
339 900 388 936 ad
415 900 548 936 circuli
576 899 926 936 circumferentiam
946 898 1079 936 GLM.
1133 898 1233 944 Ergo
1263 895 1393 931 omnia
1416 905 1437 930 ο
1462 893 1675 933 habentur,

148 966 239 1002 data
299 966 536 1013 quadratura
581 967 728 1003 circuli.
788 966 889 1003 Nam
937 977 1089 1002 summa
1124 963 1401 1012 quadratorum
1440 972 1492 995 oo
1534 959 1678 996 scimus

149 1033 308 1078 aequari
331 1032 472 1079 duplae
498 1043 671 1068 summae
693 1032 1006 1079 rectangulorum
1030 1043 1102 1067 oa.
1154 1032 1252 1077 Ergo
1277 1034 1317 1065 et
1341 1027 1482 1075 duplae
1504 1036 1678 1061 summae

150 1098 459 1143 rectangulorum
483 1098 546 1132 bu
561 1124 571 1140 ‚
600 1099 692 1144 quia
718 1098 779 1132 bu
804 1112 850 1132 =
877 1110 948 1134 oa.
1001 1098 1042 1132 Si
1060 1108 1149 1141 ergo
1167 1096 1413 1141 applicentur
1423 1093 1553 1128 omnia
1579 1101 1679 1138 qua..

147 1163 259 1200 drata
284 1175 338 1198 oo
373 1163 422 1200 ad
453 1162 495 1205 b,
536 1164 708 1207 itemque
743 1163 990 1210 applicentur
1029 1162 1161 1196 omnia
1193 1159 1418 1202 rectangula
1456 1158 1517 1194 bu
1550 1158 1599 1193 ad
1634 1158 1675 1199 b,

1013 1237 1070 1259 οο

148 1263 242 1296 fient
272 1261 397 1297 lineae
412 1286 423 1305 ‚
451 1271 614 1308 quarum
640 1251 802 1297 summa¹¹
815 1259 985 1306 priorum
1013 1274 1070 1316 73-
1104 1257 1184 1294 sive
1199 1268 1220 1293 e
1234 1282 1244 1299 ‚
1274 1258 1348 1293 erit
1366 1256 1486 1304 dupla
1503 1269 1676 1297 summae

148 1361 405 1406 posteriorum
434 1371 532 1406 quae
556 1365 647 1395 sunt
668 1371 708 1395 u.
760 1359 884 1405 Atqui
907 1369 1041 1394 omnes
1071 1370 1091 1392 e
1116 1358 1264 1394 faciunt
1290 1358 1458 1404 spatium
1480 1360 1675 1397 infinitum

149 1427 178 1462 C
192 1427 221 1461 B
235 1427 269 1462 A
286 1427 320 1462 D
334 1428 365 1462 E
379 1427 411 1464 F
426 1452 436 1469 ‚
473 1427 504 1461 si
527 1437 667 1473 nempe
698 1426 837 1462 ductae
865 1426 1137 1471 intelligantur
1167 1426 1209 1461 in
1247 1437 1365 1462 unam
1399 1427 1674 1473 particularum

150 1494 367 1539 aequalium
393 1495 435 1528 in
470 1504 565 1540 quas
594 1494 674 1531 DF
705 1494 858 1530 infinita
885 1499 988 1529 secta
1015 1499 1073 1528 est
1094 1505 1117 1528 a
1140 1493 1254 1528 rectis
1275 1505 1307 1531 e.
1358 1494 1498 1530 Omnes
1530 1495 1624 1530 item
1649 1508 1675 1529 aa

149 1559 296 1596 faciunt
329 1560 588 1606 quadrantem
619 1561 752 1597 circuli
775 1561 907 1596 DGM
922 1586 933 1603 ‚
966 1560 1105 1596 ductae
1143 1570 1282 1606 nempe
1305 1561 1347 1596 in
1370 1572 1486 1597 unam
1505 1562 1674 1608 particu-

150 1628 275 1662 larum
309 1629 528 1674 aequalium
552 1629 594 1664 in
617 1639 711 1675 quas
743 1634 848 1664 secta
880 1633 938 1663 est
958 1627 1041 1663 DG
1066 1639 1088 1662 a
1113 1626 1228 1672 rectis
1254 1637 1302 1669 u,
1338 1637 1436 1672 quae
1462 1628 1674 1674 particulae

149 1693 341 1740 prioribus
368 1694 548 1740 aequales
570 1700 778 1741 ponuntur.
830 1696 899 1731 Est
913 1705 1001 1739 ergo
1021 1694 1191 1740 spatium
1211 1693 1407 1729 infinitum
1424 1694 1585 1731 CBAD
1598 1696 1630 1732 E
1643 1697 1674 1731 F

150 1760 311 1806 duplum
338 1760 566 1807 quadrantis
589 1762 741 1805 DGM,
777 1762 952 1810 adeoque
974 1762 1211 1810 quadratura
1246 1762 1331 1807 ejus
1354 1761 1503 1809 pendet
1539 1774 1562 1799 a
1583 1775 1674 1811 qua-

149 1826 308 1863 dratura
342 1828 486 1866 circuli.
513 1844 534 1864 »

200 1908 219 1928 »
251 1894 347 1930 Dico
383 1895 467 1944 (sic
505 1897 632 1943 pergit
662 1895 895 1942 Hugenius)
922 1901 961 1930 et
995 1895 1163 1942 spatium
1195 1895 1365 1931 ABPA
1397 1905 1481 1931 esse
1511 1896 1672 1943 duplum

151 1961 266 2006 spatii
301 1961 439 1998 GNL.
496 1963 597 2000 Sunt
634 1964 739 1999 enim
772 1964 899 1999 omnia
939 1962 1127 2010 quadrata
1169 1973 1227 1997 oo
1270 1961 1382 1997 solidi
1420 1962 1592 1998 EHGD
1625 1963 1673 1998 ad

151 2028 281 2064 omnia
299 2027 490 2074 quadrata
509 2031 681 2076 partium
701 2042 722 2065 ο
744 2032 788 2067 in
809 2030 1031 2077 rectangulo
1046 2030 1078 2066 E
1092 2029 1148 2072 N,
1171 2029 1270 2065 sicut
1291 2039 1423 2065 omnes
1442 2041 1463 2064 e
1487 2030 1530 2064 in
1548 2031 1671 2077 spatio

153 2095 324 2131 BADE
364 2094 413 2129 ad
446 2107 579 2133 omnes
618 2104 749 2145 partes
787 2099 980 2136 linearum
1017 2109 1039 2133 e
1068 2098 1110 2132 in
1140 2097 1360 2142 rectangulo
1394 2096 1482 2133 BD.
1534 2097 1672 2145 Itaque

151 2160 316 2198 solidum
345 2172 394 2198 ex
418 2163 500 2200 ΕΗ
515 2164 597 2202 GD
633 2166 731 2202 circa
755 2166 789 2203 E
804 2167 839 2204 D
870 2172 929 2202 est
952 2166 999 2202 ad
1029 2164 1243 2210 cylindrum
1271 2173 1321 2201 ex
1345 2163 1568 2209 ,rectangulo
1595 2165 1672 2202 EN
