2051 2648
763 177 916 226 (137)

69 280 144 315 nisi
175 290 349 321 vererer,
381 288 427 311 ne
452 275 677 321 magnitudo
702 276 779 318 rei,
810 287 926 322 quam
961 274 1166 321 promitto,
1195 273 1242 308 de
1271 273 1458 309 solutione
1495 274 1596 308 illius

71 345 338 391 propositionis
365 354 516 377 omnem
544 343 640 378 mihi
670 341 783 376 fidem
817 341 973 376 adimat.
1430 379 1432 381 ‚

118 411 271 455 Quodsi
289 410 376 451 illa,
398 415 436 444 et
451 408 556 444 nulla
578 408 652 443 alia
667 433 676 450 ,
693 418 805 443 causa
818 407 1028 453 impediat,
1053 407 1274 451 quominus
1293 407 1423 442 lubeat
1440 417 1596 441 manum

69 478 125 512 illi
161 477 265 523 operi
307 477 539 517 admovere,
571 475 738 510 libenter
773 475 878 509 illam
906 485 974 519 per
1009 473 1376 508 demonstrationem
1401 473 1548 510 tollam.

118 544 290 578 Litterae
317 548 407 577 tuae
425 567 434 583 ‚
471 541 503 575 si
533 541 580 575 de
605 542 806 579 voluntate
828 546 960 575 vestra
988 540 1156 584 digneris
1185 552 1245 574 me
1275 547 1422 576 certum
1447 540 1595 582 facere,

70 609 166 644 mihi
207 608 416 644 transmitti
451 614 631 651 poterunt
658 618 726 652 per
749 607 868 641 libelli
906 607 982 641 mei
1016 606 1286 652 bibliopolam,
1314 608 1421 651 eujus
1456 618 1596 642 nomen

70 683 108 711 et
131 676 255 711 locum
289 673 472 708 domicilii
497 673 637 718 pagina
657 673 760 706 tituli
784 672 985 707 indicabit.

120 741 195 777 Sed
223 752 381 782 vereor,
423 751 471 774 ne
511 739 675 773 nimium
709 739 846 774 abutar
881 739 1129 775 humanitate
1166 745 1314 784 vestra,
1351 750 1470 785 quare
1493 740 1599 775 aliud

67 808 162 843 nihil
198 807 260 843 hic
285 806 446 848 addam,
483 817 597 852 quam
625 806 724 852 quod
751 806 846 842 velis
868 806 971 841 illius
996 807 1051 842 rei
1079 807 1230 852 culpam
1263 807 1477 842 adscribere
1501 807 1599 842 desi-

71 875 199 917 derio,
225 886 298 921 quo
318 881 449 909 teneor
465 873 648 915 videndi,
677 880 719 909 ut
748 885 815 920 per
840 880 877 908 te
893 900 903 916 ‚
936 874 1002 909 Vir
1022 875 1279 917 nobilissime,
1302 875 1438 910 ultima
1461 886 1597 910 manus

70 942 290 988 imponatur
314 941 370 975 rei
395 946 470 975 tam
495 940 559 975 diu
586 940 730 976 frustra
759 941 968 987 quaesitae.
1020 941 1124 980 Vale.

117 1009 265 1045 Dabam
293 1007 531 1053 Medioburgi
557 1009 606 1041 20
628 1008 804 1044 Januarii
828 1009 921 1043 1692

822 1143 857 1178 2.

143 1274 229 1307 Viro
252 1277 290 1306 et
315 1272 544 1306 Geometrae
576 1271 717 1305 eximio
736 1270 912 1306 Huberto
939 1269 1172 1314 Huyghenio
1195 1268 1284 1306 Chr.
1311 1269 1513 1317 Hugenius

765 1403 815 1440 S.
843 1404 885 1439 Ρ.

114 1538 173 1572 Ex
194 1537 263 1579 iis,
292 1547 388 1582 quae
416 1536 462 1572 ad
491 1547 553 1572 me
572 1536 732 1581 misisti,
768 1537 955 1583 perspicio
973 1535 1122 1582 egregie
1138 1541 1175 1569 te
1193 1541 1387 1572 versatum
1414 1539 1454 1573 in
1479 1540 1591 1575 rebus

66 1603 306 1650 geometricis
351 1611 390 1639 et
431 1605 608 1639 analitico
645 1604 799 1639 calculo.
864 1604 937 1640 Vix
971 1610 1101 1639 tamen
1145 1614 1209 1645 ρο,
1248 1614 1323 1648 quo
1358 1615 1513 1650 speraS‚
1553 1613 1591 1642 te

64 1676 344 1716 perventurum
377 1677 493 1716 put03
528 1677 630 1707 certe
649 1683 803 1718 operam
831 1683 958 1707 meam
982 1671 1126 1706 frustra
1151 1667 1215 1705 hie
1235 1669 1307 1705 tibi
1334 1670 1590 1710 venditarem.

67 1738 125 1772 Ex
150 1736 250 1771 datis
274 1737 519 1782 quadraturis
538 1738 694 1772 invenis
710 1763 719 1780 ,
741 1744 785 1772 ut
812 1737 925 1772 xideo
943 1762 952 1779 ,
981 1736 1232 1782 aequationes
1252 1747 1457 1774 curvarum
1472 1739 1591 1776 linea·

63 1815 171 1845 rum,
208 1803 257 1838 ad
296 1814 390 1849 quas
420 1803 508 1838 illae
541 1804 764 1850 pertinent,
793 1815 954 1851 quarum
986 1802 1163 1848 exempla
1190 1802 1335 1848 aliquot
1370 1806 1591 1844 examinavi

64 1876 102 1904 et
126 1875 227 1905 recte
257 1881 295 1905 se
322 1871 462 1906 habere
489 1872 686 1918 comperi,
715 1871 821 1907 unde
850 1878 888 1906 et
913 1871 960 1907 de
995 1869 1155 1906 caeteris
1183 1869 1280 1904 nihil
1310 1870 1470 1916 ambigo.
1527 1873 1590 1909 An

64 1943 191 1973 autem
212 1937 347 1973 eadem
369 1938 550 1973 methodo
576 1939 638 1974 hic
665 1939 783 1974 utaris
801 1964 810 1981 ,
851 1949 926 1984 qua
957 1949 1024 1984 ego
1045 1939 1166 1984 (quae
1196 1946 1337 1982 nempe
1365 1948 1413 1971 ex
1436 1938 1589 1975 Barovii

62 2005 296 2039 theoremate
348 2005 424 2053 (¹)
471 2005 634 2051 quodam
678 2003 855 2052 pendet)
896 2005 1040 2050 ignoro.
1102 2001 1176 2038 Sed
1209 2002 1353 2047 insigni
1395 2003 1587 2041 industria

116 2215 178 2252 ζ’)
217 2214 370 2243 Theorema
390 2215 518 2250 Barovii,
543 2215 617 2253 quod
637 2214 786 2253 Hugeniun
807 2216 858 2244 hoe
881 2216 940 2244 loco
958 2214 1173 2247 commemorat,
1209 2212 1252 2239 est
1275 2210 1452 2247 hujtumodi:
1487 2215 1500 2251 (
1510 2220 1576 2245 sunt

1052 2269 1077 2304 S
