2051 2648
972 113 1101 160 (22)

321 215 381 252 Sit
406 211 644 250 invenienda
667 221 785 247 curva
816 209 937 246 ACE
975 209 1066 258 (fig.
1097 207 1193 255 10),
1220 219 1420 255 perquam
1443 209 1798 257 devolutumfgrave

274 292 409 329 eorpus
430 279 641 316 descendat
670 277 894 326 aequalibus
922 276 1058 323 spatiis
1084 275 1324 311 horizontem
1360 286 1496 312 versus
1522 289 1592 324 per
1615 277 1799 324 temporis

273 355 400 396 partes
427 346 619 393 aequales.

318 415 401 452 Hoc
426 414 509 450 fleri
535 413 671 459 nequit
697 411 916 458 incipiendo
944 410 1173 446 descensum
1188 422 1208 445 e
1235 420 1384 445 summo
1407 422 1548 447 curvae
1572 417 1714 457 puncto
1739 411 1797 456 A,

274 483 365 530 quia
391 481 472 518 sive
498 491 568 527 per
594 485 737 515 rectam
762 478 991 514 inclinatam
1024 476 1073 512 ad
1099 477 1365 521 horizontem,
1392 478 1474 514 sive
1501 489 1571 525 per
1595 477 1798 524 perpendi-

268 551 433 586 cularem
453 573 462 591 ,
486 558 661 594 semper,
688 558 757 592 per
782 546 907 592 prima
934 552 1107 591 tempora
1120 544 1283 579 minima
1310 545 1487 591 aequalia
1502 570 1512 587 ,
1542 550 1656 580 erunt
1677 545 1799 591 spatia

268 623 425 664 peracta
461 621 503 651 ut
544 619 583 657 l,
612 617 634 650 3
655 639 665 657 ,
694 617 714 649 5
733 638 743 656 ,
771 614 817 658 ⁷,
844 620 915 649 etc.
969 613 1120 649 Curvae
1146 617 1274 647 autem
1299 613 1463 648 minima
1488 612 1677 659 particula
1703 618 1800 647 tam·

266 695 381 730 quam
424 689 529 719 recta
568 688 762 718 censetur.
829 681 987 727 Oportet
1016 681 1149 726 itaque
1176 679 1421 715 descendisse
1451 692 1517 726 per
1540 680 1629 715 BA.
1684 680 1734 714 Et
1759 680 1797 713 in

266 749 452 797 perpend.
493 752 525 786 A
541 751 576 785 D
615 750 884 794 intelligantur
922 748 1133 795 particulae
1174 749 1376 793 aequales,
1415 748 1515 790 AT,
1556 748 1657 790 TV,
1696 748 1772 783 VX
1790 773 1799 789 ,

270 819 375 860 XF,
403 824 499 860 etc.‚
548 823 587 853 et
631 816 821 852 ducantur
859 815 908 851 ad
945 827 1103 852 curvam
1140 815 1396 850 horizontales
1429 814 1529 857 TR,
1562 815 1655 857 VS,
1687 815 1797 857 ΧΗ,

266 886 362 928 FC,
390 892 463 922 etc.
526 886 612 921 Jam
640 883 865 930 accipiendo
891 882 1099 930 particulas
1128 893 1267 917 curvae
1302 880 1406 923 AR,
1438 881 1531 923 RS,
1559 881 1585 916 S
1602 881 1664 923 H,
1691 881 1798 923 HC,

267 959 467 998 tamquam
497 957 645 994 rectaS‚
671 961 741 998 per
756 962 854 997 quas
884 950 1023 986 mobile
1051 948 1282 985 descendere
1310 956 1444 996 pergat
1467 955 1553 995 post
1580 960 1709 985 casum
1736 961 1804 996 per

270 1020 346 1056 BA
363 1045 373 1062 ‚
413 1020 542 1065 peragi
579 1025 732 1065 oportet
758 1019 828 1053 has
853 1018 1062 1065 particulas
1089 1017 1329 1063 temporibus
1358 1015 1602 1062 aequalibus,
1634 1017 1732 1062 quia
1747 1018 1799 1051 sic

266 1087 406 1123 mobile
430 1087 655 1133 aequalibus
669 1085 886 1120 intervallis
912 1085 1143 1120 horizontali
1170 1084 1284 1129 plano
1311 1083 1649 1130 appropinquabit.
1688 1085 1800 1119 Pera-

267 1161 406 1201 gentur
431 1160 559 1190 autem
594 1152 832 1199 temporibus
871 1151 1118 1196 aequalibus,
1160 1151 1191 1185 si
1236 1149 1371 1185 eadem
1410 1150 1654 1196 proportione
1701 1161 1797 1185 cres-

268 1229 357 1259 cant
382 1233 515 1258 earum
533 1219 816 1266 longitudines,
855 1218 929 1263 qua
955 1223 1148 1262 augentur
1174 1217 1391 1251 celeritates
1407 1241 1417 1257 ,
1447 1222 1490 1250 ut
1517 1216 1626 1251 facile
1654 1219 1798 1263 perspi-

264 1291 375 1326 citur,
427 1290 526 1325 Sunt
553 1292 681 1323 autem
711 1285 927 1326 celeritates
953 1284 996 1318 in
1021 1284 1176 1330 punctis
1204 1294 1346 1319 curvae
1386 1283 1546 1329 singulis
1578 1284 1675 1318 sicut
1705 1285 1801 1331 ipsis

263 1355 543 1403 respondentes
570 1353 783 1400 applicatae
809 1352 850 1386 in
876 1350 1058 1398 parabola
1087 1350 1171 1387 ΚΝ
1183 1351 1218 1385 Μ
1234 1375 1244 1393 ,
1273 1351 1397 1396 posito
1424 1350 1570 1385 vertice
1598 1351 1800 1396 parabolae

261 1425 298 1461 K
325 1423 460 1460 eadem
476 1420 684 1457 altitudine
713 1431 755 1454 ac
774 1425 963 1466 punctum
992 1419 1046 1461 Β,
1074 1423 1114 1454 et
1139 1429 1209 1453 axe
1238 1418 1272 1453 Κ
1289 1418 1319 1453 Ο
1349 1417 1530 1464 parallelo
1558 1418 1648 1454 BD.
1701 1419 1799 1464 Ergo

261 1498 300 1528 et
337 1488 596 1536 longitudines
623 1487 901 1534 particularum
933 1497 1072 1521 curvae
1113 1485 1148 1520 A
1164 1486 1194 1520 R
1209 1510 1219 1527 ,
1260 1485 1290 1519 R
1305 1485 1331 1520 S
1347 1509 1357 1526 ,
1392 1485 1417 1520 S
1432 1484 1472 1519 H
1486 1509 1495 1526 ,
1525 1484 1563 1519 H
1577 1484 1607 1520 C
1623 1509 1633 1526 ‚
1659 1484 1793 1520 eadem

260 1557 509 1607 proportione
530 1565 696 1590 crescere
723 1552 866 1588 debent
889 1558 1005 1597 atque
1032 1551 1244 1597 applicatae
1258 1551 1345 1585 illae
1377 1550 1599 1596 incipiendo
1625 1551 1671 1586 ab
1699 1552 1729 1586 L
1744 1552 1794 1587 M.

260 1627 320 1664 Sit
348 1627 387 1662 M
406 1626 433 1661 P
459 1623 644 1671 parallela
683 1621 764 1657 LO.
815 1621 867 1656 Et
906 1619 1074 1655 referent
1110 1624 1243 1665 partes
1269 1617 1449 1663 aequales
1489 1618 1790 1663 applicatarum,

258 1692 480 1738 rectangulo
500 1691 581 1726 Mo
606 1689 777 1724 inclusae
802 1692 924 1723 rectas
945 1697 1078 1721 omnes
1105 1685 1313 1732 particulas
1341 1684 1444 1727 AT,
1471 1683 1502 1719 T
1517 1685 1548 1719 V
1564 1709 1573 1726 ,
1602 1685 1681 1721 Vx
1697 1692 1791 1727 ‚etc

258 1763 366 1808 ipsae
389 1770 483 1795 vero
509 1757 722 1805 applicatae
738 1756 779 1790 in
794 1755 976 1802 parabola
1002 1754 1175 1798 integrae
1204 1751 1402 1787 interLM
1434 1757 1473 1786 et
1508 1751 1585 1787 ΟΝ
1625 1751 1798 1787 referent

260 1838 394 1863 omnes
432 1826 639 1872 particulas
674 1835 813 1859 curvae
853 1822 957 1865 AR,
986 1822 1081 1863 RS,
1105 1821 1184 1856 SH
1223 1826 1293 1855 etc.
1357 1818 1518 1864 Eritque
1564 1828 1715 1865 semper
1756 1827 1795 1854 ut.

261 1894 330 1931 YZ
357 1893 405 1928 ad
431 1892 524 1933 ΔΖ,
570 1902 667 1936 quae
695 1889 865 1936 aequalis
903 1889 1007 1931 ML,
1051 1889 1106 1924 ita
1145 1887 1332 1934 particula
1370 1885 1610 1932 respondeus
1649 1898 1790 1922 curvae

259 1961 338 1998 HC
365 1960 413 1996 ad
438 1965 584 1995 rectam
612 1958 713 2000 XF,
743 1957 834 2003 quia
850 1957 979 2002 prima
1003 1956 1191 2002 particula
1216 1953 1476 2000 ARaequalis
1504 1954 1730 1988 censeturA
1746 1953 1799 1999 T3

260 2029 360 2064 sicut
412 2026 602 2073 applicata
640 2024 722 2060 ML
757 2023 928 2069 aequalis
973 2028 1031 2058 est
1057 2022 1168 2058 lateri
1206 2020 1288 2058 ML
1342 2019 1552 2066 rectanguli
1596 2020 1631 2054 M
1647 2019 1687 2055 O.
1740 2021 1799 2056 Sit

261 2095 332 2131 SG
359 2092 543 2141 perpend,
570 2093 610 2127 in
636 2091 725 2128 HX
741 2116 750 2133 ‚
778 2091 1031 2137 similiterque
1059 2101 1081 2125 a
1107 2089 1267 2125 caeteris
1293 2099 1433 2123 curvae
1460 2087 1798 2123 intersectionibus

262 2163 301 2196 in
326 2160 501 2208 proxime
537 2159 727 2205 subjectas
742 2159 999 2195 horizontales
1014 2158 1150 2194 ductae
1166 2155 1785 2203 intelliganturperpendiculares
