2051 2648
951 175 1006 201 111

212 271 335 303 etiam
371 266 470 316 quid
498 274 576 299 non
607 264 850 311 potuerint,
884 267 922 297 et
955 274 1055 309 quae
1080 262 1261 306 artificia
1301 260 1455 307 singuli
1497 265 1742 308 excogitave-

213 337 302 370 rint
324 339 372 370 ut
393 332 636 369 nobilissimi
661 332 924 367 instrumenti
946 341 1043 365 usus
1064 341 1181 378 quam
1204 329 1401 364 latissime
1418 335 1597 377 pateret.

260 402 394 437 Plura
416 400 564 436 addere
576 410 730 435 necesse
747 410 825 434 non
849 395 946 434 duco
964 397 1106 446 quibus
1128 397 1193 432 cel
1209 408 1331 432 meam
1358 396 1404 431 de
1425 396 1487 431 bis
1515 396 1743 433 manuscri-

203 471 292 516 ptis
305 471 350 503 in
371 470 601 503 universum
622 466 781 514 probem
803 467 1065 508 sententiam,
1089 464 1155 500 vel
1178 467 1299 500 etiam
1325 463 1559 500 ulteriorem
1580 465 1742 500 reddam

210 538 406 571 rationem
416 539 588 583 propter
608 545 723 582 quam
734 558 744 575 ‚
767 535 811 567 in
825 532 966 567 iisdem
987 531 1148 566 edendis
1163 557 1174 575 ‚
1198 531 1324 565 abhoc
1346 533 1542 579 imprimis
1560 543 1740 567 commer-

209 605 269 637 cio
293 600 495 650 epistolico
516 602 679 635 initium
702 601 881 644 fecerim.
933 598 1006 634 Ita
1029 602 1161 632 autem
1194 596 1362 631 editoris
1385 603 1526 644 partes
1552 601 1615 644 egi
1630 623 1640 642 ,
1669 604 1741 642 ut,

198 668 386 714 fideliter
408 667 609 704 traderem
642 679 742 716 quae
776 668 929 714 scripta
956 666 1189 700 invenirem.
1227 662 1373 706 Notas,
1397 675 1495 710 quas
1519 665 1650 708 adjeci
1665 691 1675 708 ,
1705 671 1744 701 et

208 747 306 783 quae
327 734 383 771 ad
418 734 520 770 locos
547 734 715 779 majoris
750 735 935 769 momenti
955 734 1191 780 pertinent,
1228 742 1314 766 cum
1351 729 1551 775 longiores
1585 738 1740 776 essent,

207 815 321 851 quam
347 814 445 850 quae
471 804 550 850 ipsi
575 804 706 837 textui
731 801 1068 837 submitterentur
1084 825 1094 843 ,
1126 799 1181 834 ad
1203 796 1459 833 Fasciculum
1476 796 1651 832 alterum
1671 810 1739 833 re-

192 869 390 916 ferendas
409 880 494 904 esse
507 869 684 912 decrevi,
703 880 779 916 quo
794 868 918 903 simul
933 869 1211 916 opportunitas
1238 864 1335 901 milii
1353 867 1549 900 existeret
1570 863 1743 900 aliorum

206 936 391 971 Virorum
411 936 628 972 Doctorum
655 935 953 972 lucubrationes
967 961 976 979 ‚
1003 935 1145 984 quibus
1169 946 1255 970 cum
1277 937 1512 979 argumento
1536 931 1743 968 Fasciculi

195 1005 353 1051 prioris
373 1015 516 1049 magna
538 1003 806 1038 intercederet
839 1003 1106 1047 necessitudo,
1137 1000 1261 1037 simul
1293 999 1445 1037 edendi.
1498 999 1602 1035 Sunt
1648 1012 1741 1035 cero

205 1073 313 1106 inter
340 1071 412 1106 lias
440 1075 557 1106 notas
592 1070 831 1113 nonnullae,
866 1069 1008 1118 quibus
1033 1069 1302 1119 componendis
1329 1068 1499 1106 multum
1525 1073 1564 1104 et
1599 1073 1740 1116 tempo-

201 1141 262 1172 ris
296 1143 337 1174 et
364 1137 512 1172 laboris
539 1137 762 1184 impendere
793 1136 909 1172 debui
918 1149 935 1179 ,·
958 1149 1129 1185 quarum
1164 1149 1297 1186 nempe
1340 1138 1533 1173 materies
1565 1134 1741 1183 petenda

202 1211 292 1240 erat
313 1217 361 1240 ex
381 1204 562 1250 Hugenii
585 1205 923 1240 chlversariorum
944 1204 1081 1239 Libris
1094 1217 1111 1246 ,·
1135 1208 1206 1251 qui
1226 1205 1345 1240 Libri
1359 1230 1369 1247 ‚
1396 1202 1600 1250 Alphabeti
1625 1201 1740 1235 litte·

201 1274 261 1304 ris
284 1274 363 1307 A—
378 1272 413 1306 K
435 1273 650 1315 insigniti,
674 1273 733 1304 ita
760 1275 857 1304 sunt
875 1272 1114 1316 comparati,
1134 1275 1181 1303 ut
1205 1269 1389 1313 singulae
1405 1279 1539 1301 eorum
1551 1267 1737 1314 pagellae

201 1340 318 1372 varia
341 1336 495 1382 quidem
527 1346 648 1381 eaque
672 1335 832 1379 egregia
850 1333 1137 1379 fertilissimi,
1164 1347 1239 1383 quo
1275 1333 1489 1381 Hugenius
1518 1332 1709 1369 utebatur
1725 1359 1736 1379 9

199 1404 352 1449 ingenii
389 1403 603 1449 specimina
637 1401 837 1448 offerant,
876 1401 949 1436 sed
979 1414 1025 1436 ea
1061 1401 1129 1436 sub
1166 1407 1283 1438 tanta
1321 1403 1655 1449 computate’ouum
1697 1408 1736 1437 et

191 1471 425 1516 figurarum
428 1469 652 1514 farragine
676 1467 849 1504 latentia
863 1496 871 1512 ,
896 1473 946 1504 ut
961 1495 971 1513 ,
996 1480 1082 1505 cum
1104 1475 1298 1506 accurata
1323 1469 1577 1505 desideretur
1603 1481 1737 1504 rerum

198 1537 432 1585 explicatio,
476 1535 687 1581 Hugenius
713 1539 796 1584 ipse
815 1550 864 1573 ea·
881 1536 945 1572 leis
979 1537 1111 1573 turbis
1145 1550 1187 1573 se
1213 1537 1402 1583 expedire
1429 1540 1500 1572 vix
1524 1539 1734 1584 potuerit,·

197 1604 514 1653 quemadmodum
544 1608 664 1651 patet·
706 1615 754 1639 ea:
789 1606 844 1639 iis
875 1616 976 1653 quae
998 1607 1166 1653 scripsit
1197 1603 1252 1640 ad
1274 1602 1518 1638 Leibnitium
1555 1615 1611 1651 cp.
1642 1604 1733 1647 XX,

191 1685 231 1720 p.
267 1675 314 1708 69
348 1677 390 1707 et
417 1684 472 1719 ep.
506 1671 669 1714 LXXII,
697 1682 742 1718 p.
765 1673 846 1707 198.
903 1671 1008 1714 Quae
1036 1671 1107 1708 lios
1126 1664 1248 1707 libros
1270 1669 1498 1720 explicandi
1520 1669 1731 1719 difficultas

197 1741 373 1786 quamvis
410 1743 528 1774 tanta
557 1740 638 1780 sit,
682 1737 848 1774 subinde
881 1744 1013 1775 tamen
1047 1742 1227 1775 auctoris
1259 1744 1427 1774 mentem
1458 1749 1517 1773 me
1542 1740 1731 1782 attigisse

197 1806 295 1841 milii
323 1805 461 1840 videor
474 1817 490 1847 ,·
515 1804 619 1852 quod
633 1805 680 1839 de
701 1807 755 1839 iis
774 1807 960 1852 inprimis
982 1806 1131 1842 dictum
1151 1806 1236 1841 volo
1260 1804 1464 1842 Fasciculi
1476 1806 1515 1842 II
1528 1815 1730 1853 paragra—

186 1873 301 1921 phis,
339 1884 440 1920 quae
469 1876 688 1906 versantur
720 1874 764 1906 in
790 1873 1033 1909 enarrandis
1065 1877 1180 1909 uocis
1206 1873 1458 1921 computandi
1478 1875 1728 1921 praeceptis,

195 1941 338 1976 aliisve
353 1939 469 1974 rebus
496 1952 521 1974 a
545 1950 586 1973 se
599 1941 791 1986 repertis,
821 1939 869 1974 de
896 1940 1038 1987 quibus
1064 1941 1121 1976 ad
1140 1944 1284 1977 amicos
1302 1943 1470 1988 scripsit
1491 1940 1727 1986 Hugenius‚

195 2009 265 2043 sed
280 2019 448 2056 quarum
474 2006 619 2041 nullibi
641 2009 724 2041 uisi
743 2009 787 2041 in
808 2007 872 2042 liis
897 2007 1231 2044 Adversariorum
1252 2008 1387 2044 Libris
1409 2013 1546 2044 exstat
1563 2010 1724 2044 notitia.

197 2075 313 2110 Inter
335 2074 429 2110 haec
464 2074 573 2108 illud
590 2086 694 2122 prae
716 2074 886 2122 reliquis
920 2076 1293 2111 commemorandum
1327 2080 1388 2109 est
1419 2077 1646 2116 inventum,
1682 2077 1723 2108 in

196 2152 268 2187 quo
293 2141 537 2187 perficiendo
563 2141 618 2175 ad
649 2143 759 2176 vitae
780 2154 877 2177 suae
889 2142 1018 2186 finem
1043 2154 1167 2190 usque
1194 2141 1410 2187 Hugeuius
1428 2143 1527 2185 suit
1560 2153 1723 2187 occupa·

194 2208 373 2240 tissimus
389 2231 398 2248 ‚
422 2206 665 2252 horologium
692 2208 873 2254 intelligo
897 2214 1117 2244 nautarum
1145 2208 1280 2243 usibus
1315 2209 1584 2247 destinatum,
1619 2207 1724 2253 quod

198 2284 294 2308 noco
335 2270 594 2314 libramento,
630 2274 743 2308 soliti
768 2276 939 2320 penduli
987 2276 1089 2316 loco,
1138 2276 1363 2317 instruxit,
1407 2273 1479 2306 sed
1511 2272 1625 2316 cujus
1660 2272 1722 2307 de-
