2051 2648
971 114 1097 160 (36)

293 216 536 261 ponderibus.
584 212 634 248 Et
661 210 913 257 quantumvis
936 209 1205 245 extremitates
1237 206 1399 242 chordae
1420 207 1544 251 A,F‚
1571 206 1816 253 aperiantur,

295 293 445 328 semper
460 287 592 317 tamen
616 282 760 325 puncta
774 301 786 320 ,
808 276 852 312 in
878 275 1017 323 quibus
1040 273 1368 323 parallelepipeda
1387 274 1483 309 haec
1505 279 1687 320 premunt
1701 297 1713 316 ‚
1738 272 1817 308 fore

294 349 335 381 in
347 347 449 382 linea
462 343 702 394 parabolica3
726 353 879 390 semper
895 343 1001 378 enim
1018 346 1218 389 premetur
1233 339 1376 376 chorda
1400 340 1448 375 ab
1481 340 1710 384 aequalibus
1727 349 1822 386 pon-

295 413 451 449 deribus
470 436 481 455 ‚
512 422 611 459 quae
637 411 712 446 sita
745 415 862 445 erunt
886 419 936 445 ex
961 408 1186 456 aequalibus
1213 407 1435 450 distantiis,
1469 410 1515 443 ut
1546 411 1658 441 erant
1683 411 1785 442 ante.

346 477 569 516 Notandum
596 486 749 523 quoque
782 482 868 519 est,
902 475 996 523 quia
1019 475 1122 518 CX,
1143 472 1246 518 ΧΥ,
1284 472 1357 511 ΥΖ
1383 479 1475 509 sunt
1501 472 1627 520 spatia
1652 472 1826 518 aequalia

298 554 336 581 et
366 551 512 592 puncta
534 544 565 581 C
581 569 592 585 ‚
616 543 724 586 D,E
737 542 791 586 ,F
824 548 917 578 sunt
949 543 993 578 in
1022 541 1231 589 parabola,
1256 552 1373 588 quam
1398 540 1453 584 ζΖ
1474 539 1663 586 contingit
1683 539 1726 573 in
1745 549 1830 575 ver-

298 614 374 649 tice
398 612 429 649 C
443 637 453 655 ‚
477 612 648 660 spatium
672 611 710 648 D
728 610 766 649 X
787 620 870 646 esse
884 613 900 644 1
917 634 929 652 ,
954 609 1124 656 spatium
1145 606 1246 653 EY,
1271 612 1320 652 4,
1340 607 1509 656 spatium
1533 606 1602 644 Fz
1616 630 1628 649 ‚
1642 608 1688 649 9,
1711 612 1752 642 et
1778 605 1830 642 sic

301 690 414 726 porro
431 677 647 715 secundum
669 677 810 714 seriem
834 677 1154 724 consequentium
1180 676 1472 726 quadratorum.

348 747 550 782 Praeterea
574 742 788 779 notandum
820 742 1013 788 triangula
1044 744 1195 787 omnia,
1221 744 1252 782 C
1267 743 1308 781 H
1322 744 1358 780 D
1372 767 1385 786 ‚
1415 743 1452 779 D
1466 743 1486 779 Ι
1500 742 1558 785 Ε,
1582 740 1659 778 ΕΚ
1672 740 1727 784 F,
1749 749 1832 776 esse

303 810 505 858 aequalia,
528 809 679 855 singula
705 819 800 846 vero
831 808 1026 855 triangulo
1049 809 1186 848 CRD.

349 879 513 915 Possunt
551 881 682 913 autem
720 881 761 911 et
795 875 962 922 cylindri
995 877 1121 922 sumi,
1162 878 1288 926 qualis
1317 878 1383 914 hic
1418 877 1620 924 appositus
1645 883 1705 912 est
1731 875 1830 917 AB,

302 945 393 991 (fig.
413 943 484 991 17)
505 943 549 979 in
573 943 700 979 medio
725 953 866 989 magno
895 942 1085 980 foramine
1113 944 1190 982 CD
1212 944 1458 993 perforatuS,
1494 955 1566 991 per
1591 942 1695 990 quod
1723 941 1838 988 traji-

306 1010 442 1048 cienda
469 1015 527 1047 est
550 1009 704 1047 chorda.
752 1010 796 1046 Si
818 1010 923 1047 enim
950 1011 1140 1058 quotlibet
1162 1012 1301 1048 talium
1327 1009 1590 1056 cylindrorum
1613 1019 1664 1044 ex
1697 1007 1840 1043 chorda

306 1076 594 1124 suspendantur
631 1075 838 1118 (chordam
870 1082 1000 1113 autem
1036 1078 1181 1113 nullius
1209 1077 1392 1125 ponderis
1429 1087 1538 1119 esse,
1584 1082 1624 1111 et
1651 1073 1839 1119 cylindros

305 1148 444 1180 mutuo
475 1146 655 1179 contactu
691 1152 716 1176 a
745 1141 941 1188 pressione
975 1143 1074 1179 nihil
1097 1143 1282 1191 impediri
1312 1141 1492 1190 postulo)
1520 1141 1750 1190 pendebunt
1783 1150 1840 1175 se-

308 1209 477 1246 cundum
493 1208 639 1243 lineam
661 1207 946 1254 parabolicam,
975 1215 1020 1245 ut
1050 1210 1186 1245 videre
1216 1216 1276 1245 est
1297 1210 1342 1244 in
1370 1208 1598 1254 cylindrulis
1631 1209 1687 1253 R3
1715 1217 1842 1254 quan-

308 1275 455 1313 tumvis
480 1274 600 1310 etiam
621 1274 890 1311 extremitates
915 1275 1081 1312 chordae
1118 1275 1189 1320 PQ
1215 1275 1429 1311 dilatentur
1458 1275 1525 1313 vel
1545 1275 1842 1322 conjungantur.

359 1342 561 1380 Hactenus
572 1340 779 1387 Hugenius
797 1341 846 1378 de
858 1342 931 1379 hoe
943 1347 1188 1388 argumento.
1224 1342 1274 1380 Ut
1281 1342 1366 1388 jam
1389 1341 1580 1384 diximus,
1604 1340 1844 1380 demonstra-

312 1411 390 1453 tio,
430 1418 547 1455 quam
576 1408 847 1451 exhibuimus,
882 1420 960 1444 non
997 1420 1044 1445 ea
1075 1410 1162 1455 ipsa
1195 1408 1323 1444 forma
1362 1406 1504 1444 induta
1546 1407 1752 1444 Mersenno
1795 1411 1844 1446 ab

311 1475 491 1523 Hugenio
512 1474 632 1510 missa
658 1479 716 1509 est
731 1498 743 1517 ‚
763 1475 1090 1522 quemadmodum
1118 1481 1280 1523 apparet
1296 1486 1346 1512 ex
1365 1475 1484 1522 hujus
1507 1486 1690 1523 responso
1703 1500 1715 1520 ,
1743 1488 1819 1523 quo
1832 1502 1842 1521 ,

316 1542 495 1589 quamvis
507 1541 734 1588 Hugenium
759 1541 802 1576 in
822 1543 945 1579 coelos
969 1544 1105 1579 efferat
1120 1568 1130 1586 ‚
1161 1544 1276 1579 simul
1312 1549 1444 1580 tamen
1468 1542 1753 1580 dubitationem
1776 1545 1844 1580 ali-

316 1619 432 1656 quam
465 1609 538 1644 sibi
577 1619 776 1655 superesse
813 1608 971 1646 fatetur.
1044 1610 1122 1648 Sed
1160 1612 1289 1659 ipsum
1338 1610 1587 1647 Mersennum
1626 1609 1844 1648 audiamus.

314 1674 488 1722 Epistola
508 1675 654 1722 scripta
677 1681 736 1711 est
759 1675 917 1713 Parisiis
940 1678 1008 1712 24⁰
1030 1677 1118 1714 Jan.
1151 1680 1258 1717 164⁷.
1286 1677 1359 1727 (¹)

341 1742 415 1777 Mr.
441 1742 566 1789 Apres
591 1743 700 1779 avoir
733 1743 883 1779 admire
908 1750 1039 1781 vostre
1069 1747 1309 1793 speculation
1343 1744 1392 1782 de
1415 1746 1454 1781 la
1490 1744 1656 1788 chordo,
1693 1747 1761 1793 qui
1797 1759 1845 1782 ne

317 1808 390 1844 fait
410 1818 480 1855 pas
500 1808 539 1844 la
561 1809 767 1855 parabole,
797 1811 842 1857 je
883 1821 980 1849 vous
1011 1813 1125 1860 diray
1150 1814 1391 1856 seulement,
1417 1812 1623 1858 qu’encore
1649 1823 1725 1858 que
1763 1820 1846 1850 tout

317 1887 358 1911 ce
383 1874 450 1920 qui
474 1884 500 1919 y
524 1880 607 1917 est,
633 1876 709 1911 soit
721 1877 912 1914 veritable
927 1903 938 1921 ‚
970 1890 1013 1915 ce
1036 1880 1100 1915 n’a
1126 1890 1197 1927 pas
1209 1878 1455 1916 neantmoins
1484 1878 1566 1914 este
1590 1889 1664 1925 par
1685 1879 1723 1914 la
1744 1879 1846 1916 force

317 1942 366 1978 de
389 1952 459 1977 vos
476 1940 825 1988 demonstrations‚
852 1956 928 1992 que
942 1946 980 1982 la
1006 1946 1131 1983 verite
1155 1957 1250 1983 nous
1273 1957 1299 1992 y
1324 1958 1347 1982 a
1371 1956 1494 1993 paru,
1521 1945 1626 1982 cari]
1652 1944 1845 1991 saudrost,

321 2021 362 2044 ce
384 2018 447 2043 me
472 2007 642 2050 semble,
683 2019 921 2047 commencer
944 2023 1016 2059 par
1039 2018 1172 2050 vostre
1198 2012 1395 2050 corollaire
1426 2012 1475 2049 de
1510 2012 1548 2047 la
1579 2013 1621 2047 2θ
1660 2022 1766 2059 prop.
1806 2021 1845 2049 et

371 2164 382 2190 ί
400 2165 435 2194 ¹}
455 2163 556 2193 Exslut
576 2167 639 2194 hoec·
660 2168 686 2195 in
709 2168 795 2198 MSS.
817 2170 952 2200 sanciendo
972 2173 1019 2202 60.
