2051 2648
1061 168 1073 212 (
1108 167 1176 200 132
1203 167 1217 211 >

1039 317 1066 378 §
1109 323 1255 375 XIII.

498 522 560 558 Ad
586 531 671 568 pag.
699 523 767 557 124Ι
806 521 943 558 verba:
978 519 1032 556 Je
1059 519 1242 557 nonhaite
1264 522 1364 567 sort
1384 519 1667 568 d'apprendre,
1693 526 1768 555 cest.

370 702 442 761 Ex
466 722 515 756 iis
537 732 636 768 quae
657 723 701 759 in
735 720 1017 759 Additamento
1041 721 1090 759 ad
1113 721 1426 760 dissertationem
1471 723 1518 758 de
1545 723 1670 759 Causa
1692 722 1906 759 Gravitatis

374 789 558 838 (Hugen.
578 789 676 836 Opp.
704 790 814 826 Omn.
841 789 884 826 T.
904 791 956 828 ΙΙ.
981 801 1019 837 Ρ,
1041 793 1120 827 116.
1145 802 1228 837 sqq.
1249 790 1263 837 )
1291 791 1414 826 relata
1440 797 1552 834 sunt,
1591 796 1751 838 apparet
1776 790 1910 835 Huge-

370 857 504 900 nium,
535 867 582 893 ex
609 858 841 893 auctoritate
869 857 1100 894 Curatorum
1122 857 1325 894 Societatis
1361 857 1498 894 Indiae
1534 857 1762 899 Orientalis‚
1806 856 1907 903 peri-

374 923 459 961 cula
478 924 614 961 fecisse
633 950 644 969 ‚
684 926 825 972 quibus
847 926 1092 973 experiretur
1120 932 1311 973 quatenus
1344 925 1622 971 horologiorum
1651 935 1805 960 suorum
1837 934 1906 969 ope

370 991 571 1037 longitudo
593 992 691 1027 mari
715 992 866 1028 definiri
892 999 1032 1040 posset.
1085 995 1225 1031 Prioris
1240 994 1469 1030 tentaminis
1497 993 1647 1028 exitum
1667 998 1801 1028 auctor
1823 992 1907 1037 ipse

370 1059 397 1094 l.
418 1059 444 1093 l.
471 1060 810 1103 commemoravit,
852 1060 1089 1107 alteriusque
1119 1074 1163 1097 eo
1189 1073 1266 1108 quo
1298 1061 1489 1096 scribebat
1515 1066 1688 1106 tempore
1711 1058 1906 1101 instituti,

370 1125 543 1161 nondum
568 1137 662 1161 vero
683 1128 853 1172 peracti,
877 1133 961 1161 tum
986 1129 1133 1163 ibidem
1150 1153 1160 1170 ,
1194 1135 1277 1163 tum
1302 1129 1420 1163 etiam
1438 1128 1480 1161 in
1501 1127 1573 1161 hac
1588 1126 1770 1172 epistola,
1798 1135 1906 1160 men-

369 1193 514 1228 tionem
541 1191 646 1226 fecit.
699 1191 817 1226 Haud
833 1198 965 1227 tamen
998 1194 1069 1229 diu
1091 1202 1201 1238 post,
1228 1204 1314 1228 cum
1344 1193 1548 1229 abitinere
1578 1192 1788 1228 rediissent
1813 1202 1907 1226 nau-

372 1266 456 1301 tae,
493 1268 655 1304 quorum
680 1268 792 1292 curae
825 1257 1019 1303 horologia
1045 1259 1229 1295 mandata
1253 1258 1436 1302 fuerant,
1472 1258 1636 1293 alterum
1665 1257 1762 1292 illud
1793 1269 1907 1304 expe-

368 1327 581 1362 rimentum
607 1323 657 1360 ad
682 1325 799 1359 finem
833 1324 1063 1371 perductum
1091 1331 1163 1362 est.
1213 1326 1422 1372 Utriusque
1450 1325 1624 1368 itineris,
1665 1324 1790 1371 quoad
1816 1325 1909 1360 haec

372 1393 667 1440 experimenta,
704 1393 832 1439 ampla
860 1393 970 1428 nobis
993 1393 1034 1428 in
1061 1393 1182 1430 MMS.
1208 1393 1455 1439 Hugeuianis
1485 1398 1641 1429 servata
1663 1398 1722 1427 est
1742 1392 1878 1427 relatio
1895 1419 1905 1435 ‚

369 1475 389 1497 e
418 1472 495 1508 qua
525 1471 570 1495 eo
597 1459 795 1494 lubentius
825 1460 1018 1505 quaedam
1045 1461 1120 1496 huc
1149 1461 1364 1508 spectantia
1399 1461 1619 1507 proferam,
1657 1472 1744 1495 cum
1774 1466 1907 1505 agatur

369 1528 416 1563 de
441 1527 587 1573 insigni
613 1527 831 1573 praeclarae
861 1527 1100 1563 inventionis
1123 1540 1194 1564 usu
1219 1534 1258 1564 et
1290 1529 1569 1575 applicatione,
1588 1527 1728 1563 nostris
1755 1527 1832 1562 etia
1847 1538 1908 1562 m-

368 1607 462 1631 num
498 1594 635 1630 diebus
670 1595 788 1630 totius
829 1594 931 1629 orbis
969 1600 1167 1631 terrarum
1200 1596 1479 1641 navigantibus
1512 1605 1698 1641 perquam
1734 1599 1843 1639 grata
1867 1600 1906 1628 et

370 1668 536 1709 accepta.

418 1729 526 1773 Quod
563 1728 682 1774 igitur
716 1728 765 1764 ad
800 1729 965 1775 priorem
1007 1729 1293 1776 expeditionem
1333 1735 1504 1775 spectat,
1563 1728 1747 1775 epistolae
1787 1730 1906 1774 parti-

369 1796 492 1832 culam
539 1796 754 1838 exhibebo,
808 1807 830 1831 a
864 1796 1043 1843 Hugenio
1093 1797 1141 1832 ad
1184 1797 1404 1834 Fullonium
1457 1797 1713 1834 professorem
1759 1796 1901 1832 Frane-

370 1874 621 1910 querensem,
655 1865 704 1897 24
729 1862 810 1899 Oct.
843 1865 963 1906 1686,
999 1865 1187 1910 scriptae,
1230 1878 1250 1900 e
1285 1876 1361 1910 qua
1392 1864 1555 1906 efficias,
1590 1875 1659 1899 nec
1701 1875 1814 1899 curae
1836 1875 1905 1899 nec

366 1930 485 1966 labori
517 1930 733 1975 pepercisse
758 1930 983 1976 Hugenium
1018 1936 1062 1965 ut
1088 1931 1356 1976 experimenta
1387 1931 1459 1966 rite
1496 1930 1761 1966 succederent.

416 1995 755 2041 »Longitudinum
800 1996 1006 2032 inventum
1042 1996 1145 2043 quod
1177 1997 1343 2039 attinet,
1385 1999 1495 2044 eujus
1531 2008 1750 2033 successum
1793 2007 1904 2042 pros-

368 2075 503 2111 perum
526 2063 622 2098 mihi
645 2070 723 2098 tam
757 2063 879 2098 amice
906 2065 1096 2111 precaris,
1135 2076 1223 2100 eum
1254 2076 1321 2111 ego
1358 2066 1443 2111 quis
1469 2065 1622 2100 futurus
1663 2064 1714 2098 sit
1750 2064 1901 2109 patien-

367 2139 424 2167 ter
447 2136 650 2177 exspecto‚
677 2130 798 2166 donec
820 2131 867 2166 ab
889 2131 1039 2168 Africae
1067 2132 1204 2177 angulo
1222 2157 1231 2172 ,
1270 2131 1406 2177 Capite
1436 2132 1561 2166 Bonae
1593 2131 1682 2177 Spei
1716 2131 1907 2176 horologia

365 2204 636 2243 revertantur,
682 2210 779 2245 quae
817 2199 907 2235 bina
945 2212 989 2235 eo
1037 2206 1148 2237 vecta
1180 2200 1287 2235 suere
1325 2199 1371 2234 iis
1409 2198 1601 2242 navibus,
1655 2209 1753 2244 quae
1792 2198 1904 2234 initio
