2051 2648
798 188 953 236 (139)

98 295 138 324 ut
172 287 261 323 iude
287 287 381 321 haec
409 286 589 330 aequatio
623 290 815 322 nascatur.
869 285 952 320 Hoc
986 294 1033 318 ex
1059 284 1135 318 tuis
1160 295 1405 330 nequaquam
1438 286 1620 330 efficitur,

96 363 135 391 et
164 354 307 389 frustra
334 359 370 387 te
399 351 588 397 fatigares.
618 353 732 387 Recte
763 357 892 386 autem
922 351 1084 386 affirmas
1118 357 1242 386 totum
1272 352 1528 397 quadraturae
1557 366 1623 389 ne-

93 423 236 467 gotium
272 421 361 455 hinc
386 420 579 465 pendere,
616 425 657 454 ut
691 429 739 453 ex
776 418 866 453 data
896 417 1001 452 linea
1042 424 1109 452 tua
1140 417 1210 453 BC
1247 419 1394 465 (quam
1421 420 1623 457 brevitatis

91 489 213 533 gratia
247 486 529 522 subnormalem
565 497 702 521 vocare
733 484 862 527 soleo,
905 484 995 530 quia
1029 484 1192 518 normali
1220 483 1262 518 in
1298 496 1454 521 curvam
1483 487 1620 523 ductae

92 554 291 601 subJacet)
329 553 552 588 inveniatur
578 552 757 598 aequatio
791 563 956 594 curvae,
994 551 1042 586 ad
1067 563 1182 597 quam
1212 552 1395 597 pertinet.
1447 554 1489 589 si
1517 556 1620 591 enim

92 620 348 656 subuormalis
367 620 460 654 haec
474 619 543 655 BC
565 620 654 666 (fig.
669 619 741 663 42)
762 617 1055 653 detur=1s2a
1069 630 1094 664 y
1109 631 1181 665 -y
1196 631 1221 664 qs
1244 620 1307 655 vel
1325 619 1617 668 :Vua—yps,

91 688 287 733 possisque
313 685 402 721 hinc
431 697 588 721 curvam
615 686 808 732 propriam
834 685 1035 728 invenire,
1059 686 1144 731 jam
1171 691 1320 721 constat
1348 694 1384 720 te
1408 686 1619 732 quadratu-

89 766 172 788 ram
212 753 345 787 circuli
371 752 613 796 habiturum,
652 759 770 798 utque
803 752 964 798 proinde
1002 763 1085 798 pag.
1123 754 1192 795 12,
1221 753 1270 788 ad
1309 754 1512 800 septimam
1546 766 1618 801 po-

89 825 268 854 testatem
296 819 431 854 literae
451 832 476 865 y
494 819 776 855 adscenderent
800 820 855 854 nil
878 830 973 865 opus
987 819 1118 856 suerit.
1147 821 1351 857 Caeterum
1375 822 1445 856 hoc
1467 822 1616 867 proble-

87 897 148 921 ma
167 886 353 921 eximium
379 888 459 933 jam
483 886 550 921 diu
580 892 791 932 geometras
817 886 1070 932 peritissimos
1098 893 1273 929 exercet,
1301 899 1374 923 nec
1396 886 1614 933 putandum

84 960 162 995 est,
193 953 321 998 ipsum
356 964 508 999 semper
537 953 765 988 solutionem
800 953 1017 988 admittere.
1070 954 1214 989 Vellem
1242 960 1394 989 tantum
1421 954 1491 988 hoc
1524 953 1616 990 defi-

85 1020 157 1053 niri
193 1026 345 1064 posset,
383 1032 431 1054 an
457 1020 710 1055 subuormalis
736 1020 826 1055 data
853 1020 902 1056 ad
935 1032 1093 1056 curvam
1115 1020 1386 1066 geometricam
1419 1021 1613 1066 pertineat

83 1095 131 1119 an
155 1084 203 1119 ad
224 1085 321 1120 alius
346 1085 497 1131 generis
523 1086 715 1131 aliquam,
752 1098 800 1121 au
827 1086 995 1132 denique
1026 1086 1074 1122 ad
1099 1086 1257 1122 nullam.
1310 1087 1510 1122 Habemus
1530 1088 1613 1133 qui·

81 1153 169 1188 dem
202 1165 284 1189 rem
321 1153 530 1188 confectam
559 1155 678 1189 finitis
703 1156 877 1197 casibus,
919 1155 986 1189 ubi
1020 1155 1282 1189 subnormales
1299 1155 1442 1190 dantur
1468 1155 1611 1201 absque

151 1261 158 1268 .
224 1261 231 1268 .
481 1261 489 1267 .
557 1261 564 1267 .
833 1261 841 1268 .
920 1261 927 1267 .
1230 1260 1238 1267 .
1298 1231 1612 1276 way—2yyx

79 1261 306 1296 radlcalibus
355 1262 665 1305 quantitatibus,
721 1266 764 1295 ut
811 1271 843 1294 si
897 1266 948 1295 sit
1003 1260 1258 1295 subnormalls
1299 1276 1622 1334 W—

346 1354 360 1374 3

80 1385 140 1420 vel
175 1363 394 1442 21²1÷5Z÷ffl
431 1385 677 1431 reperientur
720 1385 972 1431 aequationes
1015 1396 1221 1420 curvarum
1266 1387 1607 1431 geometriearum,

78 1485 217 1531 quibus
255 1485 327 1520 hae
371 1484 621 1520 conveniunt.
674 1485 773 1520 Aliis
815 1496 906 1521 vero
937 1485 1086 1521 casibus
1125 1496 1202 1520 non
1239 1487 1441 1531 succedet3
1478 1494 1546 1532 ut,
1576 1489 1609 1524 si

597 1554 740 1587 2axx

495 1602 849 1657 W
870 1611 880 1629 ‚
908 1586 972 1622 hic
1003 1592 1127 1622 cessat
1153 1588 1296 1632 regula.
1348 1589 1496 1625 Rursus
1518 1590 1604 1626 aliis

77 1587 190 1621 detur
213 1585 468 1620 subnormalis

79 1686 227 1721 casibus
266 1685 340 1721 alia
377 1684 560 1720 methodo
599 1685 647 1720 ad
678 1686 933 1732 quadraturas
963 1698 1023 1721 res
1061 1686 1287 1732 deducitur,
1334 1694 1376 1723 ut
1415 1689 1448 1723 si
1490 1690 1604 1727 detur

355 1762 382 1786 ,τ
394 1763 423 1785 517
662 1756 686 1777 (l
699 1756 724 1778 a

74 1786 331 1823 subnormahs
356 1801 424 1842 -ἆ-
439 1810 448 1828 ,
474 1786 538 1821 vel
568 1807 602 1843 V
614 1822 638 1843 a
652 1822 676 1844 a
689 1831 726 1835 —
742 1822 767 1856 y
781 1823 807 1856 y

823 1813 833 1830 ,
860 1788 1084 1832 invenitur,
1107 1788 1156 1824 ad
1174 1788 1313 1835 prioris
1326 1800 1467 1826 curvae
1488 1802 1602 1838 quae-

74 1886 170 1921 sitae
202 1891 346 1932 puncta
380 1883 641 1930 designanda,
672 1887 903 1933 hyperbolae
933 1887 1209 1934 quadraturam
1240 1889 1406 1935 requiri3
1440 1889 1489 1925 ad
1516 1901 1600 1936 pos-

75 1953 246 1995 terioris,
283 1958 366 1987 tum
398 1953 529 1988 circuli
560 1960 641 1990 tum
671 1954 916 2002 hyperbolae,
971 1957 1122 1992 Horum
1147 1955 1294 2002 aliquid
1322 1967 1372 1991 an
1399 1957 1469 1992 tibi
1501 1969 1601 1992 com-

75 2021 226 2065 pertum'
248 2020 298 2055 sit
331 2019 581 2064 seirevelim.
641 2021 741 2056 Item
766 2033 841 2067 quo
865 2022 977 2058 modo
1001 2033 1086 2070 pag.
1117 2024 1175 2058 10.
1212 2023 1442 2058 solutionem
1464 2034 1599 2058 seeun-

73 2086 145 2121 dae
171 2086 440 2132 propositionis
463 2093 577 2130 tuae,
602 2099 688 2123 cum
705 2088 942 2134 quadratura
966 2101 1037 2136 per
1060 2103 1089 2125 x
1109 2091 1225 2127 datur
1239 2116 1250 2132 ‚
1275 2090 1324 2125 ad
1342 2090 1596 2135 quadraturas

73 2153 300 2198 hyperbolae
339 2161 406 2189 aut
438 2155 569 2190 circuli
597 2155 789 2200 deducam,
816 2164 855 2193 et
879 2169 928 2193 an
958 2169 1110 2204 semper
1135 2169 1178 2193 eo
1201 2157 1409 2200 devenias,
1442 2155 1595 2191 etiamsi

73 2230 190 2255 curva
213 2220 388 2265 quaesita
410 2222 460 2255 sit
481 2222 738 2265 geometrica?
792 2222 904 2259 Velut
925 2235 1012 2259 cum
1042 2224 1157 2260 datur
1182 2222 1417 2270 quadratura
1449 2224 1557 2260 ista:r

1015 2290 1041 2326 S
1066 2291 1091 2325 2
