2051 2648
890 139 1018 187 (31)

202 240 238 275 le
263 240 346 276 faut
374 239 465 275 bien
489 238 537 274 de
562 237 767 282 necessite,
792 248 857 273 car
882 241 1103 273 autrement
1128 234 1199 272 elle
1226 236 1353 273 n’eust
1380 246 1448 282 pas
1475 235 1555 271 este
1586 237 1715 283 ignore

201 306 249 342 de
277 311 362 342 tant
379 306 426 342 de
456 307 594 342 braves
620 305 758 353 esprits
778 304 934 350 jusqu’a
963 302 1131 348 present.

247 372 284 408 A
314 378 414 409 cette
435 373 554 408 heure
587 382 708 417 voyez
733 375 926 408 comment
949 380 1045 406 vous
1072 369 1205 415 aggre'e
1234 369 1395 414 celle-cy
1418 369 1603 406 touchant
1633 370 1715 405 l’af-

197 438 293 474 faire
314 437 362 473 de
385 438 423 475 la
447 439 614 474 chaisne.
631 453 651 473 »

247 504 356 548 Quod
379 515 471 541 vero
495 504 544 540 ad
575 505 679 540 hanc
709 502 1074 540 demonstrationem
1111 502 1272 544 attinet,
1300 502 1342 536 in
1368 502 1451 547 ipso
1483 502 1584 548 quod
1614 503 1714 538 cita-

193 573 321 607 vimus
345 572 526 618 epistolae
553 570 789 616 fragmento,
818 581 896 604 non
918 570 993 603 nisi
1016 580 1208 614 perpauca
1241 569 1315 603 huc
1341 569 1555 613 spectantia
1577 580 1715 615 super*

193 645 310 681 sunt,
336 637 377 671 in
409 636 569 682 adjectis
593 643 722 672 autem
747 641 785 671 et
812 647 898 672 cum
921 636 995 670 isto
1019 635 1234 679 fragmento
1262 645 1338 669 una
1375 635 1580 670 asservatis
1607 636 1714 670 sche-

194 702 278 745 dis,
303 702 414 748 plura
441 702 597 748 quidem
625 708 850 745 occurrunt,
894 700 962 736 sed
1002 701 1228 746 neutiquam
1272 699 1440 746 perfecta
1468 712 1536 735 nec
1565 702 1719 737 absolu·-

189 774 242 804 ta.
292 768 443 803 Meliori
479 769 612 804 ordine
653 769 839 816 disposita
872 774 910 803 et
950 768 1071 812 magis
1101 767 1295 802 elaborata
1328 772 1418 801 sunt
1449 779 1515 809 ea,
1543 778 1640 812 quae
1665 768 1711 802 de

191 833 325 870 eodem
350 834 421 870 hoc
461 842 686 882 argumento
721 835 861 870 litteris
884 834 1125 880 consignavit
1158 833 1360 877 Hugenius
1390 834 1432 867 in
1468 833 1594 868 libello
1627 835 1707 878 jam

190 911 306 947 supra
331 901 471 945 citato,
505 903 566 937 cui
599 902 757 937 titulus:
786 899 970 947 puerilia
988 899 1182 946 pleraque
1198 924 1207 941 ‚
1233 911 1254 933 e
1281 910 1355 946 quo
1382 900 1515 945 itaque
1549 899 1710 935 demon—

187 966 436 1011 strationem,
473 968 599 1015 quoad
623 967 867 1004 Catenariam
882 991 893 1010 ‚
928 965 1106 1012 quamvis
1127 964 1225 1000 forte
1251 976 1327 999 non
1360 965 1524 1001 eandem
1540 978 1636 1012 quae
1661 967 1708 1001 ad

185 1032 435 1070 Mersennum
472 1035 593 1070 missa
626 1033 725 1077 fuit,
752 1032 1037 1079 descripsimus,
1089 1033 1160 1067 Est
1188 1043 1234 1066 ea
1258 1041 1441 1076 sequens:

723 1167 780 1202 De
812 1171 946 1202 catena
967 1164 1175 1211 pendente.

231 1298 385 1343 PropoS.
419 1300 469 1333 1³.
519 1298 560 1334 Si
595 1297 745 1343 pondus
770 1296 1028 1341 suspendatur
1061 1306 1109 1329 ex
1147 1294 1293 1330 duobus
1338 1295 1523 1340 funibus,
1551 1298 1593 1334 hi
1619 1310 1703 1345 pro-

184 1363 291 1398 ducti
315 1364 498 1399 secabunt
523 1374 604 1398 sese
635 1364 677 1398 in
703 1362 868 1409 pendula
897 1361 1078 1407 ponderis
1102 1362 1303 1407 gravitatis
1335 1362 1531 1401 diametro.

231 1429 291 1465 Sit
315 1431 392 1478 (fig.
410 1428 473 1475 13)
494 1430 644 1476 pondus
669 1430 755 1467 DA
769 1429 820 1473 C,
841 1430 950 1475 cujus
969 1427 1138 1475 pendula
1160 1429 1359 1474 gravitatis
1390 1430 1579 1466 diameter
1601 1433 1635 1468 A
1650 1433 1700 1476 Β,

184 1506 412 1542 suspensum
438 1506 486 1531 ex
513 1496 672 1531 funibus
690 1496 791 1538 ΕΙ),
825 1495 900 1532 FC
916 1520 927 1538 ‚
955 1495 1084 1540 ligatis
1108 1495 1150 1529 in
1175 1495 1328 1541 punctis
1360 1496 1389 1532 C
1413 1503 1452 1530 et
1479 1497 1526 1532 D.
1582 1499 1699 1542 Dico,

183 1563 215 1596 si
246 1563 522 1609 prolongentur
549 1563 578 1597 ii
617 1562 758 1606 funes,
800 1563 1075 1597 intersecturos
1114 1573 1153 1597 se
1183 1562 1351 1597 invicem
1386 1563 1425 1597 in
1449 1564 1503 1606 B,
1535 1573 1698 1609 puncto,

182 1627 283 1674 quod
309 1635 367 1664 est
396 1630 438 1664 in
461 1629 632 1675 pendula
658 1630 860 1675 gravitatis
888 1629 1088 1664 diametro.
1207 1669 1212 1671 ,

226 1695 471 1743 Intelligatur
510 1698 614 1733 enim
653 1698 777 1744 primo
813 1697 916 1739 ΕΒ,
952 1696 1026 1733 FB
1062 1695 1137 1731 duo
1165 1706 1246 1731 esse
1270 1695 1383 1731 funes
1406 1697 1448 1732 in
1474 1697 1528 1740 Β,
1556 1700 1698 1735 annexi

180 1763 419 1814 extremitati
443 1762 571 1799 bacilli
606 1765 632 1800 B
653 1765 683 1800 A
698 1789 708 1808 ‚
753 1765 862 1811 cujus
888 1763 999 1799 alteri
1025 1762 1263 1798 extremitati
1293 1763 1448 1799 affixum
1473 1764 1523 1799 sit
1548 1765 1699 1811 pondus

178 1827 308 1865 DAC
332 1841 381 1865 ex
405 1840 473 1865 suo
497 1831 699 1876 gravitatis
725 1837 854 1866 centro
879 1830 936 1872 A,
972 1835 1011 1865 et
1036 1829 1195 1865 bacillus
1221 1830 1254 1865 A
1269 1830 1298 1865 Β
1320 1830 1511 1866 horizonti
1536 1843 1698 1879 perpen-

180 1894 385 1941 dicularis,
421 1897 480 1933 ita
509 1903 553 1933 ut
587 1897 738 1944 pondus
775 1897 904 1934 DAC
940 1897 1077 1934 bacillo
1101 1897 1318 1940 innitatur,
1356 1897 1517 1933 bacillus
1544 1902 1699 1935 veroin

179 1969 319 2006 puncto
352 1965 381 2000 Β
424 1963 571 2000 duobus
605 1964 763 2002 funibus
802 1966 902 2007 ΕΒ,
939 1964 1039 2007 FB,
1083 1974 1245 2010 quorum
1280 1964 1446 2011 ligatura
1470 1966 1511 2000 in
1540 1967 1574 2002 D
1603 1973 1642 2002 et
1668 1967 1698 2003 C

179 2029 332 2064 omnino
358 2030 483 2067 soluta
514 2031 587 2074 sit;
624 2030 876 2066 manifestum
900 2030 1035 2076 itaque
1062 2037 1142 2072 est,
1181 2030 1330 2076 pondus
1356 2031 1410 2066 sic
1444 2042 1667 2077 suspensum
1685 2059 1695 2076 ‚

178 2105 254 2129 non
283 2095 501 2134 deeismum
531 2097 579 2134 ad
601 2098 700 2134 hanc
724 2098 789 2134 vel
814 2097 920 2134 illam
941 2104 1113 2143 partem:
1144 2096 1424 2133 admoveantur
1462 2109 1561 2133 nunc
1586 2099 1697 2135 funes

177 2160 278 2203 ΕΒ,
303 2162 396 2205 FB,
422 2165 576 2210 punctis
610 2165 646 2200 D
673 2173 712 2199 et
734 2165 764 2201 C
800 2164 932 2209 ibique
970 2165 1196 2206 firmentur,
1233 2170 1271 2198 et
1308 2169 1437 2199 tamen
1472 2165 1622 2210 pondus
1656 2167 1694 2200 in
