2051 2648
786 140 945 190 (163)

129 245 318 290 horologio
349 241 519 289 pondere
557 241 724 286 agitato,
753 238 855 285 quod
881 238 1046 284 amplius
1077 239 1123 273 35
1157 237 1269 272 annis
1298 246 1410 271 usum
1446 236 1647 282 praebuit,

125 323 200 346 non
233 310 339 356 potui
364 308 675 344 animadvertere
706 316 818 341 axem
854 310 962 339 rotae
997 305 1178 345 infimae,
1216 303 1277 338 cui
1305 302 1453 348 pondus
1487 313 1649 337 movens

123 376 334 418 incumbit,
356 376 565 421 quicquam
591 372 787 413 amisisse,
818 371 891 405 etsi
910 369 973 405 hic
989 370 1072 404 axis
1096 369 1276 403 continue
1300 368 1459 403 fricetur
1476 367 1652 413 interiori

125 442 323 488 superficie
346 441 560 476 foraminis.
583 454 602 474 »

173 508 353 553 Reliqua,
389 517 486 552 quae
524 504 665 551 adjecit
693 508 847 547 auctor,
873 509 1047 549 spectant
1075 503 1244 549 partium
1280 501 1580 537 constructiones
1606 508 1645 536 et

128 575 397 621 dispositiones
411 598 420 615 ,
437 572 577 617 quibus
592 576 696 606 rotae
712 595 722 612 ,
742 569 933 615 horologio
948 570 1164 616 applicatae
1176 596 1187 614 ,
1201 575 1327 605 motus
1339 568 1555 603 liberrimus
1570 579 1654 614 pos-

127 643 176 677 sit
207 639 407 675 conciliari.
459 638 513 673 At
544 648 637 672 vero
664 638 788 683 ipsam
815 642 938 673 rotam
975 648 1066 672 mox
1092 637 1295 672 sustulisse
1319 635 1499 678 videtur,
1536 641 1586 669 et
1619 637 1658 669 in

127 710 211 755 ejus
231 708 356 742 locum
381 704 624 740 substituisse
643 704 814 750 virgam,
836 704 879 739 in
900 710 1064 751 utraque
1088 710 1197 751 parte
1220 709 1394 739 extrema
1417 702 1654 749 ponderibus

127 774 352 820 aequalibus
390 777 608 814 oneratam,
633 771 677 806 in
699 771 829 807 media
851 782 942 808 vero
957 771 1148 818 ejusmodi
1179 777 1368 818 apparatu
1392 771 1643 810 instructam,

127 841 251 888 qualis
283 841 324 875 in
360 841 444 886 ipsa
468 845 552 875 rota
582 838 877 880 inveniebatur,
916 844 960 873 ut
998 849 1048 874 sc.
1077 843 1206 874 motus
1242 838 1372 884 virgae
1405 836 1657 871 oscillatorius

126 907 348 942 isochronus
370 906 566 942 evaderet.
618 905 664 941 Id
696 906 801 941 enim
824 910 907 941 tum
932 915 981 940 ex
999 905 1279 950 horologiorum
1306 902 1653 943 (lelineatieuibus,

125 975 166 1007 in
194 973 353 1018 reliquis
377 973 481 1008 Libri
507 961 559 1008 H.
598 971 750 1018 paginis
774 970 1029 1007 inveniundis
1064 976 1249 1017 apparet,
1287 976 1368 1005 tum
1401 979 1449 1003 ex
1475 968 1655 1014 sequenti

127 1039 477 1081 demonstratione,
517 1050 613 1084 quae
639 1039 727 1073 talis
753 1038 885 1083 virgae
917 1044 1066 1073 motum
1089 1037 1333 1072 isochronum
1359 1047 1442 1071 esse
1463 1035 1623 1070 evincit.

174 1121 192 1139 >›
225 1105 384 1141 Constat
421 1104 579 1149 quidem
614 1104 840 1139 librationes
869 1104 1085 1148 ponderum
1115 1104 1169 1143 G,
1196 1104 1251 1142 E,
1293 1103 1379 1147 (fig.
1417 1099 1492 1145 62)
1527 1100 1658 1145 virgae

126 1172 268 1216 absque
290 1169 478 1213 gravitate
501 1168 697 1202 affixarum
721 1168 940 1200 isochronas
962 1169 1046 1199 fieri
1061 1191 1071 1206 ‚
1099 1167 1146 1198 ob
1161 1164 1313 1208 pondus
1327 1164 1357 1198 C
1385 1166 1488 1199 inter
1518 1177 1653 1200 curvas

126 1244 366 1280 suspensum.
403 1232 479 1268 Sed
494 1243 544 1267 an
565 1231 668 1265 idem
695 1232 736 1266 fit
751 1230 894 1266 additis
914 1230 998 1265 aliis
1018 1229 1252 1276 ponderibus
1274 1229 1327 1272 F,
1345 1229 1409 1264 D?
1430 1230 1605 1267 Omnino.
1626 1247 1644 1266 »

177 1316 195 1335 ›>
215 1301 452 1344 Quaeramus
485 1299 676 1344 primum,
704 1297 806 1333 datis
824 1297 1058 1344 ponderibus
1083 1297 1115 1332 E
1132 1321 1142 1339 ,
1165 1296 1220 1339 G,
1253 1296 1416 1342 singulis
1439 1310 1540 1339 za,
1566 1309 1660 1344 pon-

126 1367 279 1403 deribus
302 1367 336 1401 D
350 1391 360 1408 ,
373 1365 405 1401 F
417 1390 428 1408 ,
453 1364 680 1410 singulis:
691 1363 711 1398 b
723 1389 734 1407 ‚
763 1364 960 1400 distantiis
982 1363 1017 1399 A
1031 1365 1062 1399 E
1077 1389 1088 1406 ,
1110 1363 1143 1399 A
1155 1363 1188 1398 G
1199 1377 1245 1397 =
1258 1375 1299 1406 c,
1334 1363 1532 1399 distantiis
1550 1364 1586 1399 A
1600 1364 1635 1398 D
1649 1389 1658 1405 ‚

126 1432 298 1469 AF=d
308 1458 316 1475 ,
368 1436 514 1476 quanta
552 1429 738 1466 deberent
781 1430 873 1476 poni
915 1428 1088 1476 pondera
1124 1428 1166 1463 in
1214 1428 1338 1464 locum
1395 1435 1659 1465 extremorum

128 1502 180 1543 E,
212 1500 269 1541 G,
305 1503 349 1533 ut
377 1508 498 1543 aeque
526 1497 639 1531 celeri
672 1502 779 1532 motu
810 1496 1033 1543 impellatur
1064 1496 1164 1532 libra
1190 1506 1238 1531 ex
1265 1495 1366 1531 binis
1398 1496 1483 1531 istis
1511 1507 1659 1543 compo-

127 1567 221 1608 sita,
256 1571 373 1610 atque
400 1564 520 1599 altera
547 1574 596 1598 ex
620 1563 819 1609 quaternis
848 1564 898 1607 E,
913 1564 965 1606 G,
982 1563 1096 1606 D,F.
1118 1578 1137 1597 2>

177 1647 196 1666 ›>
223 1633 390 1667 Ponatur
411 1628 562 1675 pondus
581 1630 633 1672 E,
661 1629 871 1676 impulsum
887 1641 957 1676 per
978 1641 1110 1664 arcum
1129 1629 1161 1664 E
1173 1629 1213 1672 H
1226 1654 1237 1672 ‚
1260 1629 1509 1675 acquisivisse
1524 1629 1660 1664 celeri-

127 1703 247 1733 tatem
264 1722 274 1740 ,
303 1707 380 1742 qua
402 1695 628 1731 ascenderet
651 1696 699 1731 ad
726 1695 973 1732 altitudinem
998 1708 1031 1731 e.
1083 1697 1183 1742 Ergo
1212 1696 1363 1741 pondus
1389 1696 1426 1731 D
1451 1707 1536 1731 eam
1558 1695 1659 1731 cele-

935 1771 1033 1806 dde
1374 1770 1503 1805 ddeb

1106 1805 1207 1850 Ergo
1243 1814 1355 1843 ae÷
1408 1840 1460 1862 cc

127 1805 282 1840 ritatem
329 1805 488 1841 habebit
535 1816 611 1852 qua
634 1805 817 1841 ascendat
861 1805 910 1841 ad
1515 1817 1652 1849 =ex,

126 1895 291 1941 positox
316 1907 385 1943 pro
402 1896 572 1944 pondere
586 1897 765 1943 ponendo
782 1897 824 1931 in
847 1897 973 1932 locum
993 1897 1026 1932 E
1045 1896 1110 1933 vel
1134 1896 1178 1931 G.
1204 1895 1330 1930 Debet
1352 1895 1455 1929 enim
1480 1897 1652 1941 potentia

129 1962 194 1997 vel
216 1962 366 2008 pondus
380 1962 411 1998 C
435 1969 539 1998 certa
553 1962 760 1998 altitudine
779 1962 1044 1999 descendendo
1058 1967 1232 2008 peracta,
1252 1973 1340 1997 eum
1361 1968 1506 1996 motum
1520 1962 1653 2008 impri-

129 2038 234 2062 mere
263 2029 438 2073 partibus
466 2029 611 2072 librae,
647 2029 967 2075 qualitercunque
995 2028 1249 2074 compositae,
1273 2033 1316 2063 ut
1339 2040 1361 2061 a
1390 2028 1488 2062 libra
1510 2028 1655 2063 solutae

129 2094 145 2142 (
162 2099 279 2139 atque
306 2093 423 2130 etiam
440 2095 568 2141 ipsum
590 2095 647 2142 C)
676 2102 900 2143 motumque
922 2106 1074 2131 sursum
1100 2100 1386 2136 convertentes,
1408 2093 1652 2129 tantumdem

129 2159 332 2206 gravitatis
362 2161 588 2206 [centrum]
626 2163 828 2207 ascendat,
878 2169 1067 2209 quantum
1106 2161 1307 2197 descendit
1346 2161 1530 2207 depresso
1552 2171 1652 2207 pon-

1164 2227 1200 2263 X
1224 2229 1248 2261 2
