2051 2648
1041 117 1198 161 (166)

403 232 422 253 2>
445 218 553 253 Sicut
565 214 777 261 pendulum
796 223 845 247 ex
860 213 894 248 N
908 236 918 254 ‚
932 212 965 248 N
983 218 1023 247 et
1040 213 1068 248 P
1092 221 1263 258 appenso
1277 212 1381 247 inter
1395 223 1533 249 curvas
1546 221 1693 252 nostras
1717 217 1877 253 helicoi-

352 284 420 319 des
458 282 571 318 efficit
605 280 817 327 pendulum
856 279 1067 314 isochronis
1108 278 1411 315 oscillationibus
1430 305 1439 322 ,
1493 291 1722 326 suspensum
1752 296 1801 320 ex
1834 285 1877 323 C.

348 352 409 386 Ita
434 358 585 396 quoque
612 358 661 384 ex
688 348 718 384 C
742 347 876 383 eodem
907 357 1137 392 suspensum
1164 347 1400 393 pendulum,
1430 358 1479 383 ex
1502 348 1657 392 solisQ‚
1679 349 1710 393 Q
1733 352 1877 396 ponde-

346 417 451 452 ribus
477 416 582 451 inter
607 415 752 451 similes
775 425 911 450 curvas
938 414 1137 460 utrimque
1162 413 1446 460 pendentibus,
1482 415 1702 452 isochronas
1727 418 1877 453 oscilla-

348 484 472 519 tiones
497 482 657 518 habebit
682 488 723 517 et
745 481 907 517 alterius
934 480 1036 515 illius
1064 478 1223 526 penduli
1256 480 1447 527 aequales.
1499 481 1583 517 Hoc
1611 482 1724 517 modo
1749 495 1878 519 carere

347 561 551 597 possumus
576 550 766 597 gravitate
799 548 980 596 ponderis
1009 549 1050 584 P.
1066 563 1084 583 v

396 634 416 653 2>
435 618 725 654 Demonstratio
747 616 992 663 aequalitatis
1006 614 1168 662 penduli
1181 613 1212 658 Q
1225 613 1296 658 CQ
1310 614 1401 649 hinc
1415 615 1562 661 petitur
1575 640 1585 659 ‚
1601 616 1879 652 considerando

346 686 387 719 in
412 691 575 731 utroque
594 685 765 732 pendulo
792 684 886 719 duos
916 689 1044 719 motus
1058 707 1067 725 ‚
1093 692 1257 728 quorum
1283 681 1382 717 alter
1403 690 1462 716 est
1484 667 1698 728 ponderum
1718 683 1769 727 Q,
1785 683 1817 728 Q
1839 690 1878 720 et

345 752 379 788 N
396 752 452 795 ‚N
467 777 476 794 ‚
498 758 691 798 quatenus
714 752 950 787 circulariter
968 755 1190 786 moventur.
1243 748 1317 793 Qui
1331 754 1458 784 motus
1472 750 1676 796 utrabique
1698 751 1879 796 aequales

346 825 451 855 sunt.
486 819 536 855 Ut
550 818 782 864 intelligitur
795 823 902 853 mota
921 825 1025 853 recta
1044 817 1074 854 C
1089 817 1117 852 B
1146 817 1186 852 in
1199 816 1229 853 C
1244 816 1279 852 D
1296 840 1306 859 ‚
1320 816 1425 851 unde
1449 816 1482 853 N
1495 842 1504 858 ‚
1521 817 1555 853 N
1568 817 1654 863 jam
1676 818 1718 852 in
1736 818 1808 861 Νη,
1824 817 1876 854 N²

344 891 384 920 et
417 885 519 929 Q,Q
554 885 596 920 in
627 884 698 928 Q2‚
727 884 801 929 Q23
836 884 903 919 sed
931 885 1016 930 ipsa
1049 883 1223 931 pondera
1253 882 1309 927 Q,
1335 883 1366 927 Q
1393 883 1477 930 jam
1524 884 1635 930 quasi
1669 890 1800 920 essent
1835 885 1878 919 in

343 954 376 988 G
403 959 442 988 et
466 952 496 988 F
526 953 680 999 punctis
719 963 925 989 curvarum
961 951 1044 987 sive
1084 962 1292 993 cornuum,
1326 961 1422 996 quae
1461 957 1552 986 sunt
1586 950 1800 986 necessario
1835 950 1878 984 in

344 1026 449 1055 recta
486 1031 556 1066 per
592 1021 626 1056 E
666 1019 783 1055 ducta
818 1025 857 1054 et
899 1018 1187 1066 aequidistante
1225 1017 1275 1061 Q2
1287 1017 1337 1061 Q2
1354 1042 1364 1060 ,
1404 1028 1502 1063 quae
1523 1017 1641 1053 FEG
1679 1017 1809 1063 itaque
1841 1023 1881 1052 et

344 1091 470 1120 rectae
495 1086 548 1120 N2
562 1086 615 1121 Ν2
640 1085 826 1130 parallela
851 1090 922 1119 est.
937 1099 956 1118 >›

392 1167 412 1186 2>
445 1150 633 1186 Centrum
649 1159 704 1192 gr.
725 1147 941 1192 ponderum
956 1158 979 1190 q
995 1158 1038 1189 q,
1059 1145 1164 1188 quod
1180 1147 1222 1178 in
1236 1147 1282 1179 Ρ2
1306 1152 1345 1178 et
1380 1157 1449 1189 per
1469 1146 1501 1179 E
1515 1147 1561 1180 Ρ2
1584 1157 1694 1190 agere
1717 1158 1877 1182 censen-

343 1218 436 1254 dum
452 1243 463 1261 ‚
489 1215 567 1262 agit
584 1215 627 1251 vi
650 1212 858 1248 descensus
884 1211 944 1246 sui
962 1209 1089 1245 :BV
1105 1209 1148 1244 in
1162 1214 1305 1244 rectam
1321 1210 1350 1246 C
1365 1210 1422 1255 D,
1445 1211 1541 1259 (hoc
1562 1199 1621 1246 est
1642 1211 1691 1246 ad
1722 1224 1878 1248 conver-

342 1284 508 1321 tendum
530 1282 632 1325 GF,
658 1279 897 1328 ponderibus
930 1289 987 1325 qq
1012 1282 1208 1312 oneratam
1236 1287 1285 1311 ex
1309 1276 1386 1312 situ
1417 1277 1445 1311 G
1460 1277 1491 1312 F
1516 1277 1556 1312 in
1593 1277 1624 1321 Q
1640 1277 1722 1325 Q,)
1757 1285 1796 1313 et
1831 1279 1877 1314 ad

343 1350 580 1388 movendum
602 1347 754 1395 pondus
781 1348 809 1383 P
844 1352 952 1381 motu
986 1344 1242 1388 horizontali,
1273 1351 1420 1391 quanta
1446 1351 1505 1379 est
1535 1344 1723 1381 distantia
1754 1347 1840 1382 ΕΒ.
1857 1361 1875 1379 »

392 1434 412 1454 2>
430 1417 616 1454 Similiter
634 1426 727 1452 vero
748 1418 923 1449 centrum
943 1412 1149 1459 gravitatis
1164 1411 1344 1458 ponderis
1366 1412 1413 1447 Ρ2
1426 1423 1495 1457 per
1508 1411 1675 1446 eundem
1690 1413 1723 1447 E
1736 1413 1782 1448 Ρ2
1800 1413 1878 1458 agit

344 1486 387 1520 in
412 1490 556 1519 rectam
587 1482 665 1519 CD
689 1481 739 1518 ad
765 1479 1099 1526 transponendum
1123 1478 1178 1516 Ν2
1192 1478 1245 1514 N²
1277 1479 1319 1513 in
1343 1478 1423 1514 NN
1456 1479 1573 1525 (nam
1599 1479 1685 1525 ipsa
1708 1479 1879 1525 pondera

342 1553 397 1589 Ν2
412 1552 464 1589 Ν2
495 1551 558 1586 hic
588 1550 684 1585 nihil
706 1546 881 1595 juvant)
913 1553 952 1581 et
975 1557 1014 1581 se
1037 1546 1166 1592 ipsum
1193 1545 1240 1580 ab
1265 1545 1297 1580 E
1322 1547 1364 1579 ln
1390 1545 1431 1580 B.
1453 1559 1471 1578 »

393 1634 414 1654 v
446 1618 581 1663 Agunt
613 1626 702 1661 ergo
725 1614 767 1648 in
793 1612 970 1659 aequalia
988 1618 1027 1646 et
1050 1610 1324 1646 eodemmodo.
1377 1609 1485 1647 Unde
1508 1616 1546 1645 et
1573 1610 1727 1645 eosdem
1749 1618 1877 1648 motus

343 1685 551 1733 producere
588 1682 745 1717 debent.
795 1679 918 1726 Atqui
940 1679 1153 1726 pendulum
1185 1677 1265 1715 NN
1278 1678 1306 1713 P
1334 1686 1392 1713 est
1417 1678 1664 1713 isochronum
1680 1703 1690 1720 ‚
1727 1690 1813 1724 ergo
1836 1686 1876 1714 et

342 1751 555 1799 pendulum
581 1748 668 1794 QQ.
700 1747 912 1784 Descendit
931 1752 1060 1782 autem
1080 1751 1256 1781 centrum
1280 1745 1483 1791 gravitatis
1518 1743 1700 1791 ponderis
1733 1745 1781 1780 Ρ2
1807 1756 1876 1791 per

340 1819 560 1866 parabolam
584 1817 657 1853 EV
684 1821 727 1851 ut
745 1813 1007 1850 demonstravi
1035 1813 1118 1848 Lib.
1139 1812 1188 1850 H.
1204 1823 1242 1859 p.
1270 1814 1350 1848 180.
1368 1826 1386 1846 »
1424 1810 1548 1860 (vide
1573 1821 1688 1858 supra
1715 1810 1874 1857 p.162.)

394 1902 412 1921 ›>
445 1886 654 1931 Egregium
693 1883 786 1918 hic»
824 1883 881 1917 ita
914 1880 1040 1927 pergit
1076 1886 1208 1915 noster
1251 1894 1270 1914 »
1302 1878 1403 1924 quod
1440 1876 1592 1924 pondus
1633 1878 1873 1913 brachiorum

348 1954 472 2002 ipsius
511 1953 630 1988 librae
674 1961 749 1985 non
774 1949 996 1997 impediunt
1036 1948 1131 1995 quin
1157 1945 1475 1994 reciprocationes
1507 1945 1601 1980 fiant
1627 1944 1873 1988 isochronae;

343 2022 491 2057 faciunt
541 2019 646 2054 enim
682 2018 864 2053 lentiores
902 2021 1066 2052 tantum.
1133 2014 1261 2060 Atque
1315 2013 1371 2048 ita
1417 2022 1569 2059 quoque
1605 2010 1872 2057 quodcumque

343 2098 478 2134 corpus
506 2085 757 2132 adjungitur,
802 2083 1009 2120 dummodo
1035 2082 1175 2118 habeat
1206 2086 1382 2118 centrum
1409 2092 1464 2126 gr.
1493 2080 1535 2114 in
1563 2078 1593 2115 C
1621 2083 1762 2125 puncto
1789 2089 1870 2114 sus-

342 2153 538 2201 pensionis
563 2152 693 2188 librae.
714 2167 733 2186 a>
