2051 2648
1023 129 1177 176 (148)

339 232 421 269 Has
464 228 648 267 Fermatii
684 225 964 273 propositiones
999 236 1085 260 cum
1120 223 1445 259 demonstratione
1486 225 1741 261 confirmasset
1783 225 1864 262 Hu-

337 299 497 344 geniuS,
527 294 733 342 sequentia
763 293 882 328 etiam
914 291 961 327 de
989 292 1069 327 suis
1096 290 1260 338 adjecit:

385 379 403 398 ν
435 364 594 409 Oportet
617 374 642 395 a
656 360 720 397 vel
745 371 765 395 e
792 360 884 408 (fig.
908 362 986 407 46)
1003 359 1050 394 ab
1075 359 1213 405 angulo
1229 364 1334 394 recto
1356 357 1386 393 B
1407 357 1551 403 accipi,
1576 364 1619 391 ut
1633 358 1867 394 theoremata

335 432 410 465 ista
436 429 563 464 locum
586 428 755 463 habeant
781 425 900 471 (cum
924 437 1015 461 vero
1041 425 1153 461 aliter
1179 425 1440 471 accipiantur,
1471 423 1562 460 vide
1593 422 1686 470 quid
1711 425 1865 460 eveniat

337 499 380 532 in
395 495 572 542 exemplo
595 505 685 530 mox
700 492 897 529 afferendo
911 492 926 540 )
941 518 950 536 ‚
977 504 1076 540 quae
1105 493 1158 527 sic
1186 504 1338 539 quoque
1361 502 1456 529 vera
1476 497 1566 526 sunt
1580 516 1589 534 ‚
1612 491 1643 525 si
1659 501 1776 526 curva
1790 490 1819 526 C
1832 491 1867 526 A

334 566 378 600 in
405 564 601 599 infinitum
630 563 742 598 abeat
767 562 853 609 (fig.
880 560 952 607 47)
982 558 1196 596 secundum
1226 565 1471 607 asymptoton
1506 558 1601 602 BA3
1638 557 1705 592 sed
1737 556 1792 591 ita
1828 564 1868 592 ut

337 632 506 679 spatium
524 637 654 666 tamen
668 628 865 664 infinitum
885 627 915 664 C
927 627 962 663 A
974 628 1002 663 B
1025 633 1215 674 aequetur
1228 634 1330 663 certo
1350 626 1473 674 spatio
1488 650 1498 670 ,
1522 626 1604 662 sive
1618 631 1661 660 ut
1676 631 1866 671 quantum

338 699 433 734 libet
459 708 578 743 prope
602 697 652 732 ad
679 697 774 732 certi
801 694 918 742 spatii
938 704 1160 730 mensuram
1188 694 1357 730 accedat.
1384 709 1403 729 >-

386 780 404 799 >›
446 766 576 800 Potest
611 773 764 809 quoque
798 773 917 798 curva
954 761 1076 798 solum
1105 762 1279 809 incipere
1305 763 1346 797 in
1371 763 1407 798 D
1430 761 1522 809 (fig.
1551 759 1624 806 48)
1652 765 1693 795 ut
1716 759 1795 795 DC
1820 760 1869 794 sit

334 838 441 867 recta
471 831 595 871 linea,
634 827 720 864 DA
750 838 893 870 curva,
920 834 959 862 et
986 833 1079 863 tunc
1106 828 1142 863 D
1159 828 1188 864 C
1223 828 1388 864 minima
1410 828 1583 863 omnium
1608 839 1678 861 a.»

384 914 402 932 »
442 899 571 933 Potest
611 895 729 931 etiam
754 900 793 930 et
828 895 980 930 infinita
1007 895 1183 930 extensio
1217 905 1315 935 esse¹
1334 906 1471 931 curvae
1511 893 1594 930 DA
1620 893 1706 941 (fig.
1725 890 1804 937 49)
1831 898 1869 926 et

338 964 452 1000 simul
477 964 512 1000 D
526 963 555 999 C
581 968 687 999 recta
708 962 826 1000 linea.
870 961 1058 997 Attamen
1074 973 1095 996 e
1109 987 1120 1005 ,
1145 972 1245 1008 quae
1264 962 1306 997 in
1332 961 1563 1008 aequatione
1577 985 1586 1003 ,
1607 965 1697 995 sunt
1716 965 1869 994 tantum

338 1044 435 1077 quae
458 1042 508 1066 ex
529 1030 695 1078 curvatD
710 1029 745 1066 A
771 1028 1017 1077 applicantur
1031 1028 1081 1064 ad
1106 1028 1138 1064 R
1153 1029 1210 1072 A,
1241 1034 1279 1063 et
1297 1039 1318 1063 e
1332 1052 1342 1071 ,
1358 1038 1456 1074 quae
1468 1027 1509 1061 in
1522 1026 1744 1071 rectangulo
1766 1025 1800 1061 D
1812 1025 1841 1060 B
1860 1049 1869 1065 ‚

336 1104 525 1133 vocantur
554 1099 596 1132 E.
612 1111 631 1129 »

387 1180 406 1199 >›
438 1162 510 1197 BF
539 1171 679 1201 curva,
706 1160 786 1206 (fig.
808 1158 871 1204 ὅθ)
897 1159 1035 1193 BH:
1052 1171 1096 1199 e,
1122 1159 1206 1194 HK
1220 1171 1323 1200 =a,
1338 1159 1413 1194 BD
1438 1160 1520 1194 sive
1539 1159 1669 1193 GF=
1684 1159 1715 1193 E
1742 1159 1869 1193 maxi-

340 1241 405 1266 ma
429 1227 603 1263 omnium
626 1237 668 1269 23
694 1223 881 1260 DF=A
914 1223 1087 1259 maxima
1120 1223 1295 1258 omnium
1331 1234 1370 1260 a.
1420 1222 1496 1258 Hic
1521 1233 1672 1258 summa
1697 1225 1869 1259 omnium

338 1310 358 1332 e
373 1309 393 1332 e
407 1309 432 1331 a
448 1320 458 1339 ,
481 1296 551 1331 hoc
579 1300 637 1330 est
658 1291 866 1328 solidorum
889 1301 937 1325 ex
961 1291 1139 1326 omnibus
1165 1303 1191 1326 a
1215 1291 1257 1326 in
1278 1289 1468 1337 quadrata
1491 1289 1764 1326 distantiarum
1785 1301 1872 1326 sua-

336 1376 424 1400 rum
455 1374 477 1398 a
502 1362 573 1398 BG
589 1386 599 1403 ,
634 1360 708 1395 erit
733 1358 903 1404 aequalis
925 1358 1051 1406 {sEss
1067 1360 1310 1406 -ἑίελ-
1326 1358 1354 1393 Β
1370 1357 1406 1393 D
1437 1364 1476 1392 et
1498 1357 1571 1392 BG
1598 1357 1641 1391 in
1662 1357 1870 1403 particulas

339 1432 537 1477 utrimque
562 1427 742 1475 aequales
768 1426 918 1461 divisae
931 1424 1226 1470 intelliguntur,
1245 1426 1405 1471 jamque
1425 1423 1467 1458 in
1496 1425 1561 1468 ,fe
1577 1434 1635 1457 ea
1683 1435 1703 1458 e
1731 1424 1873 1468 signifi-

336 1505 426 1535 cant
451 1497 656 1533 distantias
680 1496 852 1541 ipsarum
872 1493 976 1536 HK,
999 1504 1067 1529 seu
1095 1505 1121 1527 a
1137 1517 1147 1535 ‚
1179 1503 1202 1527 a
1229 1493 1257 1528 B
1273 1492 1306 1527 G
1337 1491 1551 1537 aequaliter
1563 1497 1777 1525 crescentes
1793 1515 1802 1532 ‚
1833 1498 1871 1525 at

336 1568 379 1601 in
413 1568 494 1609 sess
528 1576 547 1599 e
584 1562 771 1608 significat
796 1566 920 1594 rectas
952 1571 974 1594 a
998 1565 1116 1595 curva
1144 1558 1217 1594 BF
1256 1558 1469 1604 applicatas
1499 1556 1548 1592 ad
1574 1556 1675 1598 BG,
1707 1566 1869 1601 eamque

337 1634 380 1667 in
403 1632 525 1667 dictas
558 1628 765 1676 particulas
796 1626 977 1672 aequales
999 1626 1048 1659 iis
1075 1624 1237 1671 quaein
1274 1623 1353 1659 BD
1394 1622 1629 1659 dividentes.
1690 1622 1869 1668 Denique

340 1701 383 1734 in
404 1700 454 1734 Ε3
473 1723 482 1740 ,
505 1698 538 1732 Ε
561 1694 749 1740 significat
777 1698 900 1728 rectas
915 1717 925 1735 ,
955 1702 1117 1738 quarum
1141 1689 1315 1736 singulae
1341 1689 1522 1735 aequales
1551 1689 1583 1724 G
1597 1689 1629 1724 F
1655 1689 1737 1725 sive
1760 1689 1789 1724 B
1809 1689 1844 1724 D
1859 1714 1869 1730 ‚

338 1767 531 1803 maximae
559 1761 732 1797 omnium
760 1772 780 1795 e
796 1785 806 1803 ,
834 1771 1010 1807 quaeque
1038 1766 1129 1794 sunt
1147 1759 1255 1805 ipsae
1281 1770 1302 1793 e
1320 1767 1443 1803 usque
1471 1756 1520 1792 ad
1544 1756 1624 1792 DF
1648 1755 1869 1802 productae.

342 1830 646 1869 Demonstratio.
692 1828 818 1872 Quum
839 1829 881 1873 s
896 1827 1070 1862 omnium
1096 1826 1130 1861 K
1144 1827 1174 1862 L
1193 1827 1233 1861 in
1260 1824 1396 1872 quadr.
1423 1822 1694 1859 distantiarum
1714 1833 1870 1857 suarum

341 1906 379 1935 02
405 1904 594 1944 aequetur
619 1901 638 1943 ἐξ
660 1897 701 1940 J·
729 1895 912 1930 cuborum
951 1893 1232 1940 applicatarum
1259 1903 1304 1933 e,
1342 1903 1441 1937 quae
1475 1889 1547 1925 BG
1588 1889 1630 1924 in
1659 1889 1867 1936 particulas

341 1966 521 2014 aequales
559 1961 734 2000 dividere
772 1962 1065 2007 intelliguntur,
1103 1960 1231 2006 sitque
1267 1961 1308 2004 J*
1345 1957 1519 1993 omnium
1548 1956 1587 1992 H
1601 1957 1656 1998 L,
1688 1955 1762 2001 ipsi
1791 1956 1869 1992 DF

343 2046 410 2070 seu
433 2032 625 2068 maximae
649 2042 674 2064 a
701 2029 946 2075 aequalium,
976 2029 1017 2063 in
1043 2027 1179 2074 quadr.
1206 2026 1478 2061 distantiarum
1507 2029 1545 2058 e2
1579 2021 1749 2068 aequalis
1776 2028 1873 2069 {3011-

342 2103 477 2137 borum
514 2108 562 2132 ex
588 2096 766 2132 omnibus
791 2096 844 2137 E,
876 2094 1054 2140 sequitur
1081 2095 1123 2139 J*
1151 2092 1323 2128 omnium
1361 2090 1448 2128 ΗΚ
1485 2090 1526 2124 in
1551 2087 1686 2135 quadr.
1719 2088 1870 2123 distan-

342 2169 484 2205 tiarum
507 2174 661 2200 suarum
687 2175 706 2198 e
718 2174 738 2199 e
768 2162 923 2210 aequari
956 2166 975 2209 ξς
991 2162 1084 2207 JE³
1097 2166 1172 2208 -ἑ
1190 2161 1286 2206 [0³.
1302 2173 1321 2192 »
