2051 2648
970 116 1097 161 (46)

260 217 376 263 hujus
417 225 555 252 curvae
595 217 775 249 naturam
807 210 1054 257 cognovisse,
1094 210 1162 245 sed
1197 211 1316 246 etiam
1343 213 1517 258 ejusdem
1539 215 1794 261 proprietates

262 282 452 330 quasdam
481 280 734 328 geometricas
759 289 848 314 cum
882 277 967 314 aliis
991 277 1304 316 communicasse.
1354 277 1527 315 Dubium
1552 281 1685 328 itaque
1717 293 1794 317 non

258 350 424 397 amplius
459 355 542 392 est,
576 349 664 395 quis
692 348 961 386 Causticarum
989 350 1122 382 auctor
1156 351 1196 381 et
1217 341 1401 383 inventor
1425 345 1626 382 habendus
1652 350 1725 391 sit,
1757 356 1795 384 et

256 421 297 454 in
325 424 523 465 posterum
558 424 688 461 certe,
719 418 762 453 in
789 417 860 453 hac
891 414 1196 461 Disciplinarum
1226 412 1421 450 Historiae
1450 420 1583 460 parte,
1610 413 1796 451 Tschirn..

257 485 358 522 husii
387 486 512 521 locum
542 484 746 531 occupabit
769 482 985 529 Hugenius.

305 553 368 589 Ex
398 553 494 595 hac,
545 563 659 599 quam
699 551 992 593 enarravimus,
1025 550 1309 592 controversia,
1354 549 1447 585 satis
1473 555 1637 596 apparet
1661 549 1795 596 Huge..

257 621 367 656 nium
403 623 494 668 (nec
517 620 682 667 injuria)
719 631 834 665 aegre
866 618 1025 663 tulisse,
1061 617 1165 664 quod
1201 617 1497 660 inventionem,
1539 627 1636 663 quae
1673 618 1796 663 ipsius

255 694 381 731 esset,
437 687 535 723 alius
589 687 664 724 sibi
699 692 908 734 arrogaret.
974 685 1088 722 Plura
1127 684 1303 732 eJusdem
1341 684 1462 721 animi
1502 684 1695 721 similibus
1746 685 1794 722 (le

255 756 378 791 causis
404 754 694 801 indignabundi
734 755 915 801 exempla
942 755 1078 789 afferre
1102 763 1322 800 possemus:
1356 753 1512 799 saepius
1532 753 1636 789 enim
1652 753 1794 789 accidit

254 828 319 864 ut,
349 833 448 868 quae
477 821 684 868 Hugenius
710 821 838 858 studio
874 829 913 857 et
937 821 1065 857 labore
1093 820 1290 857 subtiliter
1323 820 1632 865 excogitaverat,
1664 832 1792 858 eorum

253 889 409 925 laudem
435 895 477 926 et
497 889 650 927 fructus
668 889 735 926 alii
760 889 803 924 in
826 900 866 924 se
889 893 1115 925 convertere
1131 894 1385 932 conarentur3
1413 888 1482 923 sed
1509 888 1699 924 malumus
1726 890 1797 925 hac

253 959 338 1004 ipsa
364 957 657 1004 opportunitate
682 967 768 994 eam
804 957 882 994 viri
910 956 1113 994 clarissimi
1143 956 1333 993 virtutem
1359 966 1655 993 commemorare
1672 982 1682 999 ‚
1699 970 1796 1004 qua,

261 1024 363 1071 quod
398 1024 471 1062 sibi
498 1026 702 1070 poscebat,
727 1023 770 1060 id
794 1024 879 1070 ipse
908 1025 1083 1060 omnium
1108 1024 1259 1070 primus
1283 1023 1370 1059 aliis
1398 1023 1606 1059 concedere
1640 1025 1793 1059 soleret.

258 1091 415 1128 Etenim
429 1090 481 1127 ad
504 1091 646 1128 Notam
658 1091 798 1133 istam,
826 1101 943 1137 quam
957 1101 1074 1138 supra
1087 1101 1125 1136 p.
1141 1093 1189 1125 40
1202 1091 1448 1126 exhibuimus
1463 1116 1473 1133 ‚
1502 1091 1534 1125 si
1562 1097 1798 1128 retroverta-

254 1171 341 1196 mur
354 1185 364 1201 ‚
378 1159 460 1195 fieri
473 1158 610 1204 nequit
634 1158 730 1204 quin
744 1158 983 1195 admiremur
1002 1158 1228 1204 Hugenium
1241 1158 1409 1204 ingenue
1424 1147 1613 1194 fatentem
1628 1183 1638 1202 ‚
1664 1169 1742 1194 non
1756 1169 1794 1194 se

255 1238 337 1262 esse
353 1252 363 1269 ‚
391 1225 459 1260 sed
486 1224 775 1268 Vaumeslium,
804 1224 872 1272 qui
894 1226 1044 1271 primus
1069 1224 1337 1270 Epicycloides
1370 1234 1508 1259 curvas
1544 1227 1795 1269 geometricas

260 1305 342 1329 esse
361 1318 371 1335 ‚
412 1303 625 1337 earumque
675 1291 803 1338 spatia
841 1292 1062 1328 mensurari
1103 1301 1237 1336 posse,
1281 1290 1509 1327 ostenderit.
1572 1291 1674 1334 Quin
1713 1293 1796 1337 ipse

256 1360 460 1405 Hugenius
496 1369 565 1394 sua
607 1369 726 1395 manu
768 1359 810 1393 in
846 1358 1021 1404 margine
1054 1356 1398 1393 demonstrationis
1433 1368 1549 1404 supra
1581 1358 1723 1393 citatae
1750 1359 1797 1393 de

255 1426 499 1474 longitudine
539 1425 787 1474 epicycloidis
814 1426 1020 1473 sequentia
1055 1424 1282 1462 annotavit:
1339 1438 1358 1459 x>
1394 1423 1466 1459 Mr.
1491 1424 1539 1459 de
1565 1425 1792 1467 Vaumesle,

255 1493 455 1540 Religieux
477 1505 528 1530 en
547 1493 812 1537 Norlnandie5
840 1495 1012 1540 m'ayant
1035 1492 1176 1529 mande
1200 1492 1293 1538 qu’il
1307 1492 1413 1528 avoit
1427 1492 1560 1527 trouve
1580 1492 1617 1527 la
1644 1503 1794 1528 mesure

255 1561 302 1597 de
329 1563 367 1598 la
392 1562 496 1606 ligne
524 1561 757 1607 epicycloide
776 1586 786 1604 ‚
811 1562 963 1608 lorsque
988 1561 1024 1596 le
1049 1561 1167 1597 corcle
1194 1565 1426 1606 generamur
1451 1564 1492 1593 et
1517 1558 1554 1593 le
1581 1559 1702 1594 cerole
1724 1560 1794 1594 im-

258 1628 398 1666 mobile
430 1634 516 1665 sont
556 1629 700 1676 egaux,
729 1629 808 1665 cela
840 1629 917 1665 m’a
944 1627 1070 1663 donne
1107 1627 1279 1663 occasion
1308 1625 1355 1661 de
1381 1624 1563 1661 chercher
1588 1631 1689 1660 cette
1719 1627 1789 1661 de-

262 1696 519 1732 monstration
542 1697 730 1743 generale.
748 1712 766 1732 2>

305 1763 548 1799 Vaumeslius
570 1770 764 1810 geometra
785 1769 842 1800 est
858 1790 868 1807 ‚
893 1770 1082 1810 quantum
1109 1762 1208 1804 scio,
1239 1761 1281 1796 in
1305 1759 1610 1805 Disciplinarum
1623 1759 1797 1795 Historia

258 1833 411 1878 ignotus
426 1856 435 1873 ‚
477 1842 592 1878 quem
619 1837 751 1868 tamen
775 1842 825 1866 ex
855 1841 901 1865 ea
923 1830 1071 1865 diutius
1098 1828 1275 1865 exsulare
1292 1853 1301 1868 ,
1329 1832 1427 1862 teste
1451 1824 1632 1871 Hugenio
1647 1851 1657 1868 ‚
1687 1827 1794 1862 nefas

258 1899 367 1936 foret.
418 1897 471 1936 Ut
496 1899 614 1944 igitur
639 1903 677 1934 et
700 1898 791 1934 huic
814 1898 900 1932 viro
925 1897 1068 1931 eximio
1092 1897 1211 1932 honos
1236 1894 1388 1930 debitus
1407 1893 1450 1928 in
1476 1899 1674 1939 posterum
1703 1905 1793 1929 con-

257 1965 438 2008 cedatur,
467 1966 584 2011 Juvat
618 1965 703 2010 ojus
730 1964 779 2000 ad
807 1963 1029 2010 I-Iugenium
1055 1962 1238 2009 epistolas
1265 1961 1327 1997 hic
1348 1960 1543 2007 proferro,
1584 1960 1626 1995 in
1654 1961 1793 2005 quibus

261 2034 307 2069 de
334 2032 618 2069 mathematicis
647 2032 726 2068 suis
754 2031 1089 2077 disquisitionibus
1107 2029 1290 2065 disseruit
1332 2025 1389 2076 (¹)

261 2132 440 2138 r——ffl-Q—
448 2131 584 2136 W.-—.-..
1244 2127 1788 2134 .-...-„....-—..⁴.-..„..-.-u--q--.i.‚v-.„.

312 2189 379 2225 (¹)
399 2189 553 2217 Sol-vantur
574 2191 622 2216 huz*
643 2189 776 2227 epistolae
801 2190 826 2216 in
849 2187 930 2215 MSS.
958 2189 1026 2216 fasc*
1057 2191 1117 2216 l20.
