2051 2648
1040 132 1197 179 (160)

395 232 532 270 Dictus
569 231 740 278 gryphus
761 229 942 276 sequenti
969 227 1083 264 modo
1108 228 1343 275 explicatur:

607 403 787 439 Flexilis
817 402 1007 439 ambitum
1038 413 1126 438 cum
1156 401 1264 438 linea
1297 401 1449 438 deserit
1479 401 1606 438 orbem
1626 431 1635 447 ‚

339 569 528 615 nobisque
573 567 722 604 indicat
774 564 1002 621 methodum
1046 574 1186 602 curvae
1226 563 1505 609 delffleandae,
1540 577 1638 612 quae
1679 571 1876 611 tamquam

336 636 639 672 fundamentum
659 636 779 681 huJus
805 634 960 670 inventi
985 632 1165 669 habenda
1195 639 1266 670 est.

391 703 486 739 Cum
509 703 614 738 enim
637 702 841 747 Hugenius
869 700 1131 736 intellexisset
1166 701 1360 747 horologia
1386 711 1454 736 sua
1485 700 1664 747 pendulis
1689 700 1880 735 instructa

337 769 456 805 maris
493 769 724 814 agitationes
756 769 901 814 absque
937 767 1180 803 incommodo
1203 767 1304 803 ferre
1338 778 1417 802 non
1442 777 1573 813 posse,
1596 767 1802 813 inquisivit
1830 776 1879 800 an

338 849 415 873 non
435 837 495 873 his
519 836 704 884 pendulis
741 836 854 872 alius'
871 844 1080 882 apparatus
1113 841 1243 882 posset
1270 835 1482 881 surrogari,
1511 836 1621 882 cujus
1647 834 1752 870 idem
1776 833 1871 868 foret

338 915 452 948 usus,
481 905 548 940 sed
577 905 644 951 qui
670 903 771 939 dicto
801 904 898 940 vitio
918 914 997 938 non
1018 903 1223 941 laboraret.

385 973 441 1009 Ac
508 972 677 1020 primum
735 971 895 1018 quidem
939 971 1124 1007 incidisse
1150 971 1328 1007 vvidetur
1369 971 1411 1006 in
1452 977 1624 1006 veterem
1675 968 1873 1015 cogitatio-

337 1051 427 1074 nem
463 1046 611 1076 motum
645 1039 889 1075 isochronum
917 1038 1148 1082 efficiendi„
1176 1049 1294 1086 quam
1333 1037 1398 1074 A0.
1427 1039 1519 1074 1683
1536 1062 1546 1080 ,
1578 1038 1619 1072 in
1641 1035 1742 1073 Adv.
1764 1035 1876 1071 Libro

340 1106 383 1142 F.
403 1116 441 1152 p.
470 1108 535 1139 181
581 1107 642 1140 his
679 1107 810 1139 verbis
838 1107 948 1140 nobis
988 1106 1204 1150 descripsit.

385 1187 404 1207 ν
437 1170 554 1206 Aliud
578 1179 699 1215 genus
721 1174 848 1203 motus
872 1170 1161 1213 isochroni(fig.
1185 1168 1272 1212 58).
1304 1170 1416 1202 Orbis
1443 1169 1476 1202 A
1493 1169 1521 1201 Β
1545 1179 1660 1213 super
1687 1178 1758 1203 axe
1778 1168 1876 1202 hori-

335 1234 479 1276 'zontali
497 1236 674 1279 mobilis,
693 1234 815 1272 affixis
837 1233 1074 1280 ponderibus
1093 1233 1321 1280 aequalibus
1335 1234 1385 1276 C,
1400 1233 1451 1272 D.
1479 1233 1570 1269 Orbi
1585 1233 1692 1268 filum
1718 1234 1877 1268 circum-

335 1306 584 1353 jectum‚cui
606 1302 885 1351 appenduntur
912 1301 1111 1338 catenulae
1131 1300 1310 1347 aequales
1338 1301 1439 1344 EF,
1467 1300 1576 1344 GH,
1613 1300 1772 1347 planum
1800 1299 1876 1335 HF

338 1385 493 1420 semper
511 1372 790 1419 contingentes.
845 1369 976 1405 Indito
1006 1376 1135 1412 motu,
1162 1369 1298 1404 crescit
1320 1367 1474 1416 pondus
1498 1367 1697 1403 catenulae
1718 1366 1874 1403 alterius

337 1453 454 1487 super
495 1440 709 1487 reliquam,
759 1437 877 1483 idque
900 1437 941 1473 in
967 1436 1103 1472 eadem
1128 1437 1278 1472 ratione
1306 1447 1383 1482 qua
1409 1434 1748 1470 circumferentiae
1771 1433 1871 1468 orbis

339 1516 529 1552 versatur.
582 1507 692 1546 Unde
714 1505 890 1541 incitatio
912 1516 980 1551 pro
1002 1505 1152 1540 ratione
1176 1504 1386 1540 distantiae
1419 1515 1442 1538 a
1465 1503 1617 1549 quiete,
1640 1507 1756 1546 atque
1783 1501 1874 1535 hinc

339 1587 563 1611 recursuum
586 1575 780 1609 minorum
800 1572 1069 1617 majorumque
1083 1571 1310 1617 aequalitas.
1346 1569 1456 1606 Idem
1475 1570 1542 1605 fiet
1564 1569 1595 1603 si
1615 1569 1694 1603 loco
1718 1573 1875 1603 catenu-

338 1645 463 1680 larum
504 1641 665 1688 appensi
695 1639 842 1675 fueriut
873 1638 1037 1683 cylindri
1071 1644 1206 1672 tenues
1245 1636 1392 1683 liquido
1417 1635 1611 1676 immersi,
1650 1640 1693 1669 ut
1719 1641 1877 1680 argento

337 1712 431 1747 vivo
463 1710 526 1746 vel
547 1708 639 1744 oleo.

386 1777 461 1814 Sed
499 1781 628 1811 motus
658 1773 872 1820 ponderum
906 1784 1023 1820 super
1048 1784 1119 1809 axe
1158 1770 1385 1808 horizontali
1409 1780 1486 1805 non
1515 1780 1637 1815 aeque
1668 1768 1766 1804 liber
1790 1775 1872 1812 est,

339 1857 382 1881 ac
412 1846 454 1879 in
485 1841 749 1889 suspensione.

387 1913 519 1947 Posset
558 1909 659 1944 orbis
691 1908 890 1954 gravitatis
908 1918 995 1945 esse
1028 1906 1276 1949 horizontalis
1298 1912 1338 1940 et
1366 1915 1414 1940 ex
1436 1905 1498 1940 filo
1522 1903 1696 1951 pendens
1723 1903 1872 1938 inferne

340 1989 453 2015 axem
490 1974 669 2011 foramini
694 1974 884 2009 insertum
907 1975 1078 2017 habenS,
1105 1973 1169 2009 fila
1197 1984 1287 2009 vero
1315 1972 1404 2007 bina
1431 1973 1495 2007 axi
1532 1969 1807 2006 circumvoluta
1831 1982 1872 2005 ac

338 2059 409 2094 per
437 2043 624 2081 orbiculos
656 2040 705 2078 ad
730 2041 921 2086 cylindros
952 2041 1103 2084 euntia,
1146 2039 1194 2075 de
1218 2039 1358 2086 quibus
1384 2038 1545 2074 dictum.
1565 2052 1582 2072 »

386 2113 470 2150 Hoc
491 2111 596 2148 enim
622 2110 812 2158 principio
837 2116 973 2151 utem,
1021 2108 1225 2154 Hugenius
1251 2108 1296 2142 31
1334 2107 1420 2143 Jan.
1457 2106 1575 2148 1693,
1619 2106 1771 2141 invenit
1811 2116 1875 2151 ap-

339 2186 515 2228 paratum
564 2189 679 2225 quem
731 2177 886 2214 vocavit
923 2175 1140 2210 Balaneion·
1177 2175 1310 2209 marin
1331 2173 1518 2220 pensan,
1572 2172 1619 2208 de
1657 2182 1733 2218 quo
1765 2172 1875 2217 plura

1822 2237 1874 2271 ibi
