2051 2648
916 126 1052 177 (15)

896 237 1058 302 §m

242 370 302 406 Ad
328 381 412 418 pag.
426 373 474 406 20
503 372 642 408 verba:
668 369 784 415 Voicy
799 380 854 403 em
867 367 1038 415 example
1052 367 1099 403 de
1112 380 1175 403 ma
1187 366 1360 402 methodo
1375 367 1440 402 des
1462 366 1704 403 touchantes.

216 532 386 599 Mirum
405 562 530 599 videri
556 563 691 608 nequit
708 562 945 597 Leibnitium
974 568 1138 597 exeunte
1162 562 1227 597 ΑΟ.
1245 562 1338 595 1679
1351 586 1361 603 ,
1385 560 1427 593 in
1445 560 1561 595 variis
1590 559 1639 594 ad
1658 559 1745 594 Hu-

213 630 367 675 genium
406 629 601 675 epistolis,
650 628 780 664 calculi
830 629 888 663 sui
931 628 1197 664 differentialis
1234 628 1297 664 vel
1334 627 1613 673 problematum
1644 627 1745 661 hanc

213 696 460 742 computandi
502 702 622 731 artem
666 696 924 742 spectantium
975 696 1212 731 mentionem
1250 694 1384 729 fecisse
1428 694 1532 743 (vid.
1576 705 1635 740 ep.
1677 694 1743 729 IV.

210 772 246 807 p.
280 764 315 799 8.
349 774 408 808 ep.
432 763 496 799 VI.
522 775 561 809 p.
586 766 629 798 17
647 762 660 808 )
681 775 689 806 3
718 762 860 808 quippe
881 762 947 807 qui
966 763 1050 808 jam
1071 762 1198 798 medio
1226 773 1326 798 anno
1347 762 1441 797 1676
1467 760 1510 794 in
1534 760 1674 794 litteris
1693 759 1742 793 ad

210 828 513 876 Oldenburgium
542 830 695 876 scriptis
732 830 844 865 istius
860 830 994 866 calculi
1017 831 1208 877 principia
1228 831 1386 875 ejusque
1423 829 1465 863 in
1495 827 1745 873 tangentibus

210 896 394 932 ducendis
436 908 547 932 usum
598 897 830 943 exposuerit.
900 897 983 944 (Cf
1042 897 1174 933 Leibn.
1210 897 1278 943 Op.
1319 895 1362 931 T.
1402 897 1437 931 3.
1477 906 1514 940 p.
1550 896 1598 929 80
1633 894 1746 940 sqq.)

211 963 395 1007 Quamvis
420 964 538 1010 igitur
564 975 613 1001 ex
640 964 700 999 his
719 963 904 998 Leibnitii
932 964 981 999 ad
1002 965 1226 1011 Hugenium
1254 962 1428 1010 epistolis
1447 962 1598 996 nullum
1632 971 1742 1006 argu-

211 1037 386 1065 mentum
411 1031 491 1076 peti
521 1030 662 1076 possit,
692 1030 739 1065 ad
777 1029 1036 1066 dirimendam
1067 1030 1332 1076 quaestionem
1366 1034 1496 1064 utrum
1526 1027 1746 1063 Leibnitius

207 1108 321 1133 verus
335 1097 534 1133 habendus
565 1098 614 1132 sit
639 1097 772 1133 calculi
793 1096 1061 1132 differentialis
1084 1103 1239 1139 auctor,
1267 1107 1408 1140 necne3
1436 1101 1552 1142 atque
1582 1093 1738 1130 aliunde

211 1165 303 1200 satis
335 1170 482 1199 constet
498 1176 613 1210 quam
642 1165 830 1200 rationem
855 1164 918 1199 hic
942 1164 983 1199 in
1011 1163 1196 1199 ducendis
1219 1163 1466 1208 tangentibus
1492 1167 1645 1197 secutus
1667 1160 1716 1195 sit
1736 1186 1745 1202 ,

210 1232 313 1267 haud
341 1237 471 1266 tamen
505 1231 760 1275 injucundum
795 1231 876 1264 fore
915 1231 1025 1265 credo
1053 1231 1085 1264 si
1116 1230 1213 1265 illud
1247 1230 1374 1275 ipsum
1408 1239 1530 1264 novae
1571 1228 1747 1264 methodi

211 1297 426 1343 exemplum
441 1322 450 1339 ‚
478 1297 525 1332 de
548 1308 622 1343 quo
644 1298 806 1332 hocloco
823 1297 949 1343 agitur
964 1322 974 1339 ,
1009 1309 1096 1331 cum
1120 1296 1325 1331 lectoribus
1345 1295 1621 1330 communicem
1636 1321 1646 1338 ,
1674 1295 1747 1329 im-

207 1364 343 1409 primis
374 1374 489 1405 vero,
536 1363 743 1409 quoniam,
788 1363 845 1398 uti
872 1373 961 1398 mox
986 1362 1231 1404 videbimus,
1269 1362 1339 1397 hoc
1374 1361 1500 1408 ipsum
1546 1362 1746 1407 problema

211 1430 389 1477 Hugenio
428 1441 559 1465 ansam
595 1431 797 1477 praebuit,
840 1440 928 1467 suas
961 1430 1002 1465 in
1029 1442 1069 1465 re
1097 1429 1327 1475 gravissima
1348 1429 1451 1465 vires
1484 1428 1744 1475 periclitandi.

209 1498 391 1534 Leibnitii
421 1504 550 1533 autem
580 1498 737 1544 scriptio
759 1510 782 1533 a
808 1498 918 1533 nobis
938 1503 1092 1544 reperta
1118 1503 1176 1532 est
1206 1497 1248 1532 in
1279 1496 1367 1532 fasc.
1395 1499 1445 1531 3⁰.
1473 1495 1558 1531 aliis
1585 1495 1745 1531 aliorum

209 1566 569 1601 mathematicorum
597 1565 934 1611 disquisitionibus
972 1577 994 1600 a
1024 1565 1205 1611 Hugenio
1244 1563 1450 1599 asservatis
1496 1563 1746 1609 interposita,

210 1634 324 1680 eique
357 1633 560 1680 I-Iugenius
582 1644 652 1669 sua
677 1645 795 1669 manu
828 1633 1109 1680 inscripserat:
1148 1631 1251 1669 R.‚a
1287 1631 1355 1667 Do.
1381 1630 1560 1666 Leilmits
1588 1629 1679 1664 dum
1701 1632 1743 1664 in

212 1700 345 1737 Gallia
367 1714 534 1747 agerem.
567 1723 603 1728 —
631 1702 855 1748 Sequuntur
869 1702 954 1747 jam
984 1700 1168 1738 Leibnitii
1185 1699 1316 1737 verba.

353 1835 585 1883 Exemplum
615 1847 665 1872 ex
689 1847 790 1872 nova
812 1848 898 1872 mea
919 1837 1170 1882 tangentium
1199 1833 1379 1870 methodo
1403 1832 1577 1871 ductum.

257 1971 315 2007 Sit
347 1971 438 2019 (fig.
461 1969 512 2017 9)
549 1981 667 2008 curva
691 1971 767 2007 EE
794 1971 883 2007 talis
924 1976 1088 2006 naturae
1104 1995 1114 2013 ‚
1142 1976 1187 2006 ut
1223 1969 1323 2006 datis
1345 1969 1389 2004 in
1409 1973 1514 2004 recta
1538 1967 1620 2003 AD
1640 1967 1748 2003 velut

211 2049 282 2075 axe
313 2045 475 2085 quatuor
497 2039 653 2086 punctis
677 2040 944 2076 constantibus
964 2064 973 2081 ‚
1000 2038 1057 2080 A,
1071 2038 1099 2073 B
1112 2064 1124 2082 ,
1138 2037 1167 2074 C
1180 2062 1190 2080 ,
1206 2038 1242 2073 D
1256 2061 1266 2080 ,
1292 2042 1332 2072 et
1363 2041 1504 2083 puncto
1532 2044 1672 2070 curvae
1691 2034 1745 2075 E,

212 2116 252 2140 ac
277 2106 423 2151 junctis
439 2112 603 2152 quatuor
627 2107 744 2143 rectis
767 2107 847 2144 ΑΕ
863 2132 873 2150 ,
899 2107 928 2142 Β
943 2107 974 2142 Ε
993 2132 1003 2151 ,
1033 2105 1063 2142 C
1077 2106 1109 2141 Ε
1122 2129 1132 2147 ,
1146 2105 1183 2140 D
1196 2106 1250 2148 E,
1277 2110 1370 2140 tunc
1398 2112 1552 2139 summa
1573 2107 1738 2148 quatuor

210 2171 418 2208 solidorum
448 2174 518 2208 sub
558 2175 677 2209 ternis
701 2175 943 2221 quibuslibet
969 2173 1087 2210 rectis
1110 2171 1318 2220 praedictis
1343 2176 1533 2218 aequetur
1552 2167 1672 2204 solido
1698 2176 1746 2202 ex
