2051 2648
836 123 968 170 (⁸5)

136 228 171 261 3.
222 236 259 259 a.
273 225 301 258 i.
316 233 352 268 q.
366 233 402 256 a.
416 232 453 257 a.
468 232 502 255 r.
517 231 547 255 c.
563 221 591 255 i.
608 230 641 253 c.
786 218 918 264 Atque
940 217 998 254 ita
1019 227 1171 263 quoque
1197 215 1389 263 applicata
1423 215 1472 251 ad
1504 213 1655 249 radium

787 283 988 320 curvitatis
1017 283 1060 318 in
1085 283 1246 319 vertice.

135 431 169 461 4.
221 437 253 461 s.
269 436 299 460 c.
321 435 354 459 c.
374 434 406 458 e.
426 433 458 458 c.
472 433 508 457 r.
523 432 606 457 aa.
620 431 679 457 ae.
694 431 726 457 e.
789 415 1014 464 Superficiei
1046 427 1186 451 curvae
1217 415 1386 451 concidis
1419 425 1467 450 ex
1504 420 1660 450 catenae

211 503 241 527 c.
263 503 294 525 c.
315 502 349 526 r.
363 501 396 525 e.
411 500 460 525 m.
465 499 509 535 p.
525 490 552 524 ί.
568 488 605 524 d.
619 500 654 525 r.
669 488 730 524 cni
790 483 1033 520 revolutione
1057 483 1153 518 circa
1180 493 1292 518 axem
1318 482 1491 528 aequalis
1517 488 1575 516 est
1593 481 1663 516 cir-

210 571 245 594 -ι-.
265 569 346 603 e.p.
362 568 399 591 a.
414 566 449 602 q.
464 556 491 590 i.
507 566 544 591 v.
559 566 594 591 e.
610 560 639 591 t.
792 550 920 593 culus,
943 549 1054 594 cujus
1084 548 1216 584 radius
1246 554 1306 583 est
1331 547 1483 583 medius
1509 558 1664 593 propor-

792 616 896 650 tione
930 615 1034 649 inter
1069 614 1232 662 duplum
1274 613 1427 648 radium
1464 612 1666 648 curvitatis

790 683 834 717 in
851 681 997 717 vertice
1024 686 1063 717 et
1084 686 1235 726 partem
1272 680 1379 723 axis,
1424 690 1523 726 quae
1564 679 1668 714 inter

791 748 984 785 verticem
1014 754 1053 784 et
1077 753 1315 793 tangentem.

138 871 170 902 5.
223 863 726 901 u.r.e.a.e.d.i.t.e.a.a.
760 873 762 875 ’
796 865 845 902 Ut
891 864 1158 912 rectangulum
1201 872 1252 898 ex
1292 861 1485 909 applicata
1519 868 1559 894 et
1594 859 1668 894 djf-

210 945 244 980 q.
258 944 290 968 e.
307 934 334 967 ι’.
351 943 387 966 a.
403 942 439 965 a.
454 941 486 965 c.
502 942 533 966 c.
549 942 581 966 e.
596 941 628 966 c,
643 929 679 965 d.
794 931 960 968 ferentia
973 932 1078 967 inter
1103 936 1329 976 tangentem
1354 934 1394 963 et
1407 927 1641 974 applicatam
1659 953 1668 969 ‚

796 999 846 1035 ad
888 998 1121 1045 quadratum
1157 994 1450 1042 subtangentis,
1490 994 1547 1029 ita
1587 993 1669 1028 axis

794 1065 843 1100 ad
889 1077 1068 1108 curvam,
1113 1065 1223 1110 cujus
1270 1061 1490 1097 evolutione
1533 1065 1670 1095 catena

794 1130 1033 1168 describitur.

136 1247 171 1280 6·
223 1256 254 1279 S·
273 1255 397 1290 ‘2⁶⁴1’-
411 1255 443 1278 ⁶·
457 1254 489 1278 e·
504 1252 653 1278 ‘'e-'²⁶'-
667 1239 693 1276 Ῑ·
709 1252 741 1277 ‘'-
795 1251 927 1287 Sector
942 1252 1003 1288 cui
1021 1250 1179 1287 evoluta
1189 1260 1260 1296 pro
1279 1255 1410 1285 centro
1423 1255 1483 1285 est
1496 1273 1506 1292 ‚
1528 1260 1667 1295 aequa-

793 1325 856 1353 tur
875 1318 1119 1365 rectangulo,
1164 1327 1214 1352 ex
1239 1315 1482 1364 longitudine
1511 1322 1669 1353 catenae

794 1384 958 1421 dimidia
983 1392 1022 1420 et
1036 1384 1246 1432 composita
1263 1394 1312 1420 ex
1331 1389 1510 1420 sextante
1536 1383 1667 1420 evolu-

794 1460 855 1488 tae
878 1459 918 1489 et
939 1452 1099 1489 semisse
1112 1450 1213 1488 radii
1235 1451 1436 1489 cunitatis
1449 1451 1491 1487 in
1509 1451 1667 1489 vertice.

213 1310 248 1346 d.
264 1323 295 1346 e.
307 1322 338 1346 c.
349 1322 380 1346 e.
392 1322 423 1346 ε.
436 1323 467 1346 e.
481 1320 511 1345 e.
523 1319 556 1348 ε.
568 1319 602 1344 r.
614 1320 645 1345 c.
660 1310 688 1345 ι’.
703 1319 739 1344 τ.

1196 2239 1273 2272 L3
