2051 2648
809 132 825 177 (
852 133 916 166 171
944 131 958 176 )

770 227 797 288 ἕ
839 233 1003 283 XVII.

154 403 215 438 Ad
239 414 323 449 pag.
351 404 419 438 182
443 401 583 438 verba:
625 411 697 447 que
717 400 767 444 je
793 410 841 434 ne
875 410 967 445 scay
999 406 1071 435 eet.
1125 400 1216 437 Coll.
1254 413 1335 448 pag
1366 406 1447 439 318.
1475 411 1569 441 extr.

104 575 157 632 In
182 599 294 632 Libro
316 596 479 631 Advers.
503 596 532 632 Ι,
547 606 587 641 p.
612 595 692 631 112.
717 594 764 629 ‹le
789 596 856 630 hoe
871 619 880 636 ,
910 595 1010 640 quod
1034 596 1210 632 Neutono
1230 598 1411 633 accidisse
1449 599 1622 637 ferebant

104 663 332 704 infortunio,
358 661 561 707 Hugenius
596 662 800 707 sequentia
833 662 1050 696 annotavit.

149 743 168 762 x
200 729 248 762 29
262 728 352 773 Maj.
375 729 480 763 1694.
530 726 819 763 Narravitmihi
842 727 889 761 D.
906 726 1012 762 Colm
1039 728 1087 775 (¹)
1114 729 1248 764 Scotus
1276 729 1403 765 virum
1420 731 1623 768 celeberri-

101 805 205 828 mum
243 805 285 828 ac
313 804 506 828 summum
538 798 770 839 geometram
816 793 869 828 JS.
885 793 1103 829 Neutonum
1124 795 1165 830 in
1187 795 1394 841 phrenesin
1418 798 1619 841 incidisse,

99 860 237 895 abhinc
257 871 357 895 anno
381 866 419 895 et
434 863 458 896 6
474 861 682 896 mensibus.
721 860 784 896 An
803 870 851 895 ex
872 860 991 895 nimia
1017 861 1137 896 studii
1152 861 1377 898 assiduitate
1396 888 1407 906 ,
1431 876 1479 899 an
1495 864 1620 900 dolore

98 926 322 970 infortunii,
360 927 462 972 quod
496 926 676 979 incendio
719 927 991 962 laboratorium
1020 928 1235 972 chymicum
1266 935 1306 964 et
1332 930 1478 976 scripta
1502 943 1618 977 quae-

98 992 186 1026 dam
212 992 417 1027 amiserat?
466 992 563 1028 Cum
590 992 639 1028 ad
665 992 1007 1037 Archiepiscopum
1037 992 1394 1040 Cantabrigiensem
1424 998 1617 1039 venisset,

97 1069 141 1092 ea
155 1057 345 1100 locutum,
368 1068 466 1103 quae
491 1057 766 1093 alienationem
790 1059 933 1092 mentis
952 1059 1182 1095 indicarent.
1234 1061 1385 1098 Deinde
1414 1063 1462 1099 ab
1489 1064 1621 1098 amicis

96 1133 223 1156 curam
247 1124 330 1167 ejus
356 1130 595 1168 susceptam,
635 1123 825 1167 domoque
851 1124 977 1156 clauso
1008 1125 1180 1159 remedia
1203 1127 1350 1161 volenti
1383 1128 1530 1162 nolenti
1553 1128 1620 1163 ad·

92 1187 236 1229 hibita,
282 1187 420 1231 quibus
454 1188 538 1230 J’am
573 1186 780 1219 sanitatem
816 1188 1083 1229 recuperavit,
1123 1193 1165 1220 ut
1187 1188 1271 1232 jam
1309 1198 1443 1224 rursus
1476 1191 1615 1228 librum

96 1263 206 1287 suum
224 1251 503 1297 Principiorum
525 1250 791 1296 Philosophiae
807 1250 1164 1287 Mathematicorum
1174 1252 1388 1299 intelligere
1400 1255 1575 1302 incipiat,
1590 1273 1608 1294 x

141 1318 248 1353 Haec
274 1317 394 1353 Colmi
420 1317 590 1353 narratio
605 1341 615 1360 ,
645 1327 761 1362 quam
789 1327 838 1351 ex
852 1316 912 1351 his
932 1317 1027 1363 ipsis
1042 1318 1146 1355 MSS.
1168 1317 1409 1364 Hugenianis
1427 1323 1613 1369 petitam,

93 1383 286 1429 quondam
312 1383 562 1429 evulgaverat
587 1391 724 1419 morus
739 1407 749 1425 ‚
778 1384 999 1429 nuperrime
1013 1393 1250 1421 BREWSTERO
1274 1396 1408 1421 ansam
1435 1389 1615 1434 praebuit

94 1449 318 1495 inquirendi
357 1457 486 1485 utrum
532 1461 669 1487 revera
706 1449 918 1486 Newtonus
944 1452 1086 1487 mentis
1108 1452 1239 1487 morbo
1269 1460 1467 1500 correptus
1491 1455 1612 1492 fuerit

90 1526 222 1551 necne.
274 1514 532 1558 Testimonia‚
576 1527 672 1562 quae
695 1517 825 1552 attulit
850 1518 916 1553 Vir
944 1518 1000 1554 Cl.
1017 1542 1027 1561 ,
1051 1529 1097 1553 ea
1123 1528 1205 1553 esse
1233 1518 1451 1556 videnture
1473 1522 1612 1568 quibus

90 1581 337 1626 probabiliter
370 1581 510 1617 efficias
542 1583 801 1626 Newtonum‚
833 1591 1011 1621 currente
1041 1596 1142 1620 anno
1167 1587 1281 1630 1692,
1327 1587 1444 1623 solita
1468 1590 1610 1625 mentis

92 1648 335 1694 corporisque
359 1648 584 1684 valetudine
607 1660 684 1684 non
707 1650 826 1685 fuisse
851 1661 962 1686 usum
978 1676 988 1693 ‚
1018 1657 1058 1686 at
1078 1662 1155 1687 non
1177 1652 1231 1687 ita
1255 1664 1342 1688 eum
1373 1655 1504 1690 morbo
1543 1655 1608 1690 de-

91 1714 264 1749 cubuisse
299 1721 343 1749 ut
380 1725 424 1749 eo
462 1715 676 1762 impeditus
701 1716 820 1752 fuerit
858 1729 932 1764 quo
974 1718 1104 1753 minus
1143 1718 1282 1754 studiis
1315 1720 1394 1755 suis
1441 1727 1606 1758 vacaret.

85 1780 98 1825 ζ
111 1779 168 1815 Cf.
195 1781 261 1816 the
283 1781 366 1816 Life
384 1781 428 1816 of
443 1781 505 1818 Sir
524 1782 632 1819 Isaac
656 1783 823 1821 Newton
848 1785 896 1832 bij
926 1785 1026 1822 Dav.
1052 1784 1270 1828 Brewster,
1296 1797 1333 1832 p.
1353 1787 1445 1832 222,
1472 1786 1583 1835 sqq.)

134 2143 144 2176 (
159 2141 195 2177 1)
223 2140 267 2169 Ita
284 2150 381 2170 nomen
400 2142 430 2170 iu
450 2141 512 2171 MS.
532 2143 700 2172 delineatum
717 2145 780 2178 est,
802 2153 857 2173 non
878 2145 988 2179 calin,
1009 2148 1042 2175 ut
1064 2147 1109 2175 alii
1131 2147 1232 2185 legisse
1251 2145 1390 2178 videntur.

993 2202 1072 2237 Y2
