2051 2648
825 142 980 189 (175)

138 241 314 288 aequalia
338 239 404 276 CS
419 263 429 281 ‚
455 239 490 274 D
505 237 548 281 Q.
601 239 700 283 Ergo
724 248 772 273 ex
796 248 919 283 aequo
950 239 1024 273 erit
1057 245 1099 274 ut
1122 238 1200 275 Hs
1223 238 1271 275 ad
1297 239 1366 276 Gs
1381 265 1392 283 ‚
1429 242 1485 277 ita
1505 242 1582 288 OQ
1607 245 1657 280 ad

138 309 222 351 PQ.
274 308 366 342 Erat
404 311 533 340 autem
572 305 641 339 GS
676 305 800 350 major
831 316 946 350 quam
980 305 1075 347 HS,
1110 316 1201 351 ergo
1237 311 1277 342 et
1298 307 1367 350 PQ
1394 309 1517 354 maj0r
1542 320 1658 355 quam

137 373 220 416 OQ
274 371 384 409 Unde
420 377 580 417 apparet
620 377 804 417 punctum
841 371 870 408 C
896 382 979 406 esse
1018 383 1040 409 a
1069 377 1178 417 parte
1213 383 1382 409 convexa
1404 385 1544 411 curvae
1569 375 1657 413 AB.

138 437 283 474 Eodem
301 438 413 472 modo
440 444 570 473 autem
584 442 623 472 et
639 442 828 484 punctum
850 436 903 479 N,
926 443 1099 472 sumtum
1113 438 1160 473 ab
1180 439 1300 475 altera
1321 445 1430 485 parte
1452 442 1586 486 puncti
1605 442 1658 485 B,

139 504 356 539 ostenditur
394 504 529 539 cadere
568 503 617 539 ad
652 509 803 549 partem
839 513 1049 538 convexam
1089 515 1229 540 curvae
1270 504 1358 543 AB.
1409 507 1509 553 Ergo
1534 508 1660 553 tangit

138 581 222 605 eam
246 576 350 605 recta
378 570 536 605 NBOF
561 570 599 604 in
619 576 760 615 puncto
784 571 825 606 Β.
877 569 983 613 Quod
1008 576 1089 605 erat
1111 570 1212 606 dem.

182 637 395 681 Longitudo
417 636 542 671 lineae
568 636 598 672 C
612 637 644 671 E
667 636 728 672 vel
755 637 832 672 DF
846 660 856 678 ‚
888 637 997 681 quus
1018 647 1089 682 ope
1118 642 1276 683 tangens
1301 636 1344 671 in
1359 638 1496 683 quovis
1516 646 1660 683 puncto

137 701 225 737 «luci
251 708 400 747 potest,
434 713 511 737 non
535 708 660 748 potest
685 702 834 737 ratione
856 702 934 737 ulla
959 702 1210 747 geometrica,
1241 707 1285 737 nt
1313 708 1426 747 puto,
1465 704 1657 749 inveniri,

137 768 204 803 sed
228 779 276 802 ex
294 768 533 814 legarithmis
563 768 778 814 quamlibet
800 768 985 813 proxime.
1038 769 1137 805 Nam
1164 768 1197 803 si
1225 769 1510 805 consideremus
1533 772 1658 807 trian-

135 833 266 878 gulum
292 834 498 868 minimum
521 833 649 870 AVX
665 858 674 876 ,
703 835 812 879 quus
836 834 937 868 latus
958 832 1041 869 AX
1067 838 1147 868 tam
1172 844 1312 869 curvae
1338 833 1415 870 AB
1438 846 1552 881 quam
1567 843 1658 872 tan-

136 899 259 942 gentis
287 899 363 933 ΑΕ
400 899 525 944 portio
562 899 796 935 censendum
831 905 911 941 est,
951 903 989 932 et
1031 898 1369 944 perpendiculares
1402 899 1511 943 Ac,
1557 902 1657 945 ΧΥ,

136 962 230 998 duos
244 975 422 999 numeros
442 975 527 1000 esse
550 971 732 1011 putemus
749 991 759 1008 ‚
783 964 944 999 minimo
958 963 1124 1009 quodam
1139 975 1297 1000 excessu
1313 976 1395 1002 sese
1407 974 1634 1013 superantes
1646 994 1657 1012 ‚

137 1036 179 1063 ut
206 1030 349 1082 100000
375 1036 415 1065 et
438 1032 581 1073 99999‚
623 1032 699 1066 erit
728 1032 805 1068 VX
841 1031 902 1065 vel
938 1030 1011 1066 CY
1038 1031 1350 1076 legaritlunorum
1377 1032 1547 1078 ipsorum
1578 1033 1659 1069 dif-

135 1093 323 1139 ferentia,
355 1108 452 1141 quae
492 1098 595 1132 inter
629 1098 723 1132 istos
752 1103 811 1132 est
831 1098 973 1138 43430,
997 1086 1053 1130 *ut
1091 1102 1199 1141 patet
1224 1107 1273 1130 ex
1309 1098 1462 1131 tabuliS.
1512 1098 1599 1133 Jam
1623 1099 1657 1133 si

132 1158 251 1203 igitur
275 1160 342 1194 fiat
377 1167 419 1194 ut
451 1161 483 1195 A
498 1161 551 1200 V,
585 1172 682 1203 quae
712 1167 770 1193 est
789 1163 807 1191 l
827 1185 835 1198 ‚
863 1160 912 1192 ad
936 1160 1010 1192 VX
1025 1183 1034 1197 ‚
1067 1161 1201 1192 43430,
1231 1159 1288 1192 ita
1311 1160 1387 1194 AC
1402 1182 1413 1201 ,
1435 1162 1579 1197 100000
1603 1165 1654 1200 ad

134 1224 163 1258 G
181 1224 212 1257 E
229 1247 238 1264 ‚
271 1223 337 1256 fiet
373 1223 468 1257 haec
506 1222 777 1264 4343000000,
814 1221 982 1266 qualium
1017 1231 1155 1266 nempe
1181 1220 1398 1258 differentia
1425 1224 1528 1261 inter
1550 1229 1656 1274 loga-

133 1286 292 1323 rithmus
316 1299 562 1322 numerorum
583 1288 725 1321 100000
750 1293 789 1321 et
814 1287 935 1321 99999
963 1292 1021 1320 est
1040 1288 1184 1327 43430,
1200 1287 1449 1334 qualiumque
1472 1292 1653 1338 legarith-

134 1363 218 1386 mus
245 1352 385 1387 binarii
411 1358 470 1386 est
494 1353 748 1386 3010299957.
800 1351 919 1385 Linea
937 1356 1065 1386 autem
1080 1362 1199 1396 ,quae
1217 1351 1358 1387 referat
1381 1354 1652 1400 legarithmum

135 1417 274 1451 binarii
294 1416 406 1452 facile
418 1417 639 1458 invenitur,
665 1416 892 1462 applicando
915 1423 1066 1451 tantum
1090 1416 1184 1452 (luas
1197 1418 1529 1464 perpendiculares
1550 1424 1654 1462 inter

132 1493 288 1517 curvam
317 1489 356 1517 et
387 1489 653 1528 asymptoton,
674 1493 835 1528 quarum
863 1483 982 1517 altera
1009 1482 1059 1516 sit
1076 1483 1233 1518 alterius
1247 1484 1364 1531 dupla
1380 1511 1390 1528 ‚
1416 1488 1523 1523 velut
1554 1491 1649 1535 Gs,

129 1548 231 1591 MR3
255 1559 344 1582 nam
370 1548 396 1583 S
412 1550 442 1584 R
465 1549 717 1584 intervallum
745 1547 885 1583 referet
908 1548 1181 1593 logarithmum
1210 1549 1358 1586 binarii.
1410 1554 1510 1599 Ergo
1523 1556 1555 1590 si
1582 1558 1649 1594 fiat

130 1621 174 1648 ut
201 1615 321 1649 30102
349 1613 397 1648 ad
420 1616 566 1656 43430,
602 1614 674 1649 hoc
702 1620 760 1649 est
786 1614 960 1660 proxime
989 1621 1029 1648 ut
1056 1616 1077 1649 3
1105 1614 1154 1649 ad
1179 1618 1247 1662 45,
1266 1617 1322 1652 ita
1340 1617 1410 1653 SR
1434 1620 1484 1655 ad
1512 1622 1648 1668 aliam;

131 1690 176 1714 ea
211 1679 281 1713 erit
326 1679 430 1715 linea
467 1680 541 1715 ΟΕ
579 1680 643 1715 vel
684 1681 718 1715 D
737 1680 793 1722 F,
840 1691 955 1726 quam
1002 1679 1110 1714 latus
1158 1671 1309 1716 rectum
1344 1694 1490 1720 curvae
1525 1686 1647 1733 hujus

130 1744 419 1790 appellabimus.
458 1746 665 1781 Invenitur
698 1752 828 1782 autem
859 1745 985 1781 adhuc
1013 1746 1256 1790 accuratius,
1299 1748 1332 1783 si
1356 1748 1438 1785 loco
1464 1763 1646 1790 numero·

129 1821 213 1845 rum
232 1811 373 1846 100000
396 1818 436 1847 et
458 1813 598 1854 99999,
631 1820 838 1857 quaeratur
863 1823 934 1858 per
968 1823 1147 1848 numeros
1178 1817 1192 1848 l
1224 1821 1263 1849 et
1291 1813 1648 1869 lm?

128 1876 171 1910 fit
211 1877 312 1911 enim
337 1877 412 1913 ΟΕ
452 1878 915 1921 434294481903251804,
941 1878 1113 1924 qualium
1151 1879 1399 1925 logarithmus
1424 1885 1564 1921 binarii
1587 1892 1647 1923 est

128 1943 577 1981 301029995663981195,
638 1944 788 1980 Patebit
829 1950 959 1979 autem
1009 1955 1100 1981 usus
1139 1946 1255 1992 hujus
1300 1947 1432 1984 lateris
1468 1951 1565 1987 recti
1600 1952 1644 1987 in

125 2010 388 2054 sequentibus.

175 2076 219 2112 Si
244 2087 266 2111 3
291 2083 433 2122 puncto
459 2075 632 2122 quolibet
652 2075 696 2111 in
718 2087 838 2112 curva
858 2082 984 2112 sumto
1000 2101 1010 2119 ‚
1025 2083 1068 2111 ut
1089 2076 1124 2111 A
1150 2077 1238 2124 (fig.
1252 2077 1348 2123 68),
1363 2077 1585 2118 dimittatur
1599 2084 1643 2120 in

128 2148 370 2188 asymptoton
394 2142 724 2189 perpendicularis
749 2143 843 2184 AB,
877 2142 963 2178 dico
995 2143 1258 2188 rectangulum
1285 2144 1332 2179 ab
1361 2145 1436 2182 AB
1455 2152 1495 2183 et
1520 2148 1641 2186 latere
