2051 2648
1058 133 1186 178 (92)

353 238 392 269 et
420 233 504 279 ipso
547 230 680 267 calculi
718 229 805 264 lusu
849 235 1079 271 nascantur,
1119 239 1217 275 quae
1256 227 1350 263 alias
1393 229 1434 263 vi
1472 229 1619 275 ingenii
1661 237 1726 266 aut
1761 231 1887 266 labore

349 298 636 346 imaginationis
675 296 829 343 assequi
860 307 1015 332 necesse
1057 302 1127 333 est.
1179 295 1258 332 Nec
1298 295 1413 330 aliam
1454 306 1522 340 ego
1560 308 1711 333 causam
1746 297 1885 340 video,

351 379 417 403 cur
438 366 484 402 cl.
536 366 694 409 Fatius‚
732 365 798 412 qui
827 364 910 410 Jam
945 364 1092 399 dudum
1129 363 1313 410 praeclari
1345 362 1494 409 ingenii
1530 363 1740 409 specimina
1780 364 1890 399 nobis

353 433 463 469 dedit
479 458 489 476 ,
517 433 686 468 haeserit
702 431 768 467 ubi
786 430 1030 465 irrationales
1055 430 1380 476 subtangentialis
1404 430 1576 466 valorem
1591 429 1864 475 ingrediuntur
1876 457 1886 475 ,

351 501 461 537 velut
498 501 540 535 in
594 511 682 535 casu
721 510 791 545 per
827 498 1123 534 celeberrimum
1162 498 1389 544 Hugenium
1436 498 1534 533 mihi
1564 497 1783 544 proposito,
1824 499 1891 533 ubi

351 556 947 614 tzyyy(aa÷xx):ax,
992 577 1106 611 quam
1150 563 1251 611 quod
1291 565 1514 610 hujusmodi
1571 564 1767 611 expressio
1813 576 1889 602 non

346 647 467 682 aeque
497 635 641 671 calculo
663 634 852 678 analytico
882 640 974 680 apta
1000 640 1081 676 est,
1109 645 1152 669 ac
1187 644 1273 667 mea
1293 657 1303 675 ‚
1333 644 1403 678 per
1428 643 1544 678 quam
1570 632 1694 678 ipsius
1715 637 1732 666 t
1755 633 1890 669 relatio

352 703 401 738 ad
429 715 454 748 qs
476 708 556 737 eta:
587 702 717 747 aliquo
744 700 858 735 modo
886 700 1054 745 generali
1081 700 1327 747 exprimitur.
1380 700 1441 734 Ita
1473 699 1576 734 enim
1604 699 1766 745 judico,
1806 712 1892 736 cum

352 779 462 804 mens
485 768 657 803 humana
675 767 724 802 ad
752 767 999 812 cogitandum
1026 768 1127 801 notis
1153 766 1349 813 indigeat,
1380 778 1424 801 eo
1450 777 1561 812 posse
1576 778 1643 801 nos
1670 767 1892 803 ratiocinari

355 836 519 878 melius,
549 846 623 881 quo
645 834 766 879 magis
789 841 903 869 notae
929 835 1037 881 ipsae
1064 836 1290 881 exprimunt
1316 846 1447 870 rerum
1478 835 1696 870 relationes.

402 902 654 939 Consideravi
686 902 812 947 igitur
843 907 923 937 tam
950 902 1136 938 abscissas
1163 914 1281 948 quam
1305 901 1503 937 ordinatas
1529 903 1671 938 habere
1702 903 1892 938 elementa

353 969 542 1015 quaedam
563 974 856 1011 momentanea,
892 979 959 1003 seu
976 968 1218 1004 differentias
1237 969 1444 1004 indefinite
1477 979 1641 1014 parvas;
1663 975 1702 1003 et
1728 970 1894 1005 elemen-

353 1043 437 1072 tum
480 1035 668 1071 abscissae
717 1047 799 1071 esse
836 1035 885 1071 ad
918 1036 1157 1072 elementum
1188 1036 1413 1080 ordinatae,
1444 1042 1486 1072 ut
1510 1036 1830 1081 subtangentialis
1846 1037 1894 1072 ad

352 1103 583 1138 ordinatam.
636 1101 734 1136 Nam
767 1101 799 1134 si
834 1102 1046 1146 cogitemus
1087 1108 1277 1146 punctum
1311 1101 1452 1136 mobile
1487 1102 1516 1136 B
1554 1112 1603 1136 ex
1625 1103 1700 1136 fixo
1726 1103 1761 1137 A
1790 1115 1895 1148 egre-

354 1171 464 1206 diens
494 1179 718 1216 percurrere
755 1178 867 1202 axem
895 1168 930 1203 A
949 1169 977 1202 B
1000 1169 1106 1216 (B),
1142 1174 1181 1203 et
1206 1168 1301 1204 adeo
1337 1168 1523 1203 abscissas
1555 1168 1630 1203 AB
1655 1168 1752 1203 nihil
1789 1168 1894 1204 aliud

352 1248 434 1273 esse
461 1246 577 1282 quam
604 1233 809 1268 distantias
838 1233 973 1279 puncti
994 1233 1024 1267 B
1063 1233 1215 1268 mobilis
1248 1245 1270 1267 a
1288 1238 1433 1278 puncto
1450 1233 1525 1267 fixo
1555 1233 1615 1274 A,
1643 1239 1751 1278 patet
1773 1234 1896 1270 incre·

349 1310 485 1340 menta
522 1302 778 1338 abscissarum
819 1306 1092 1336 momentanea
1126 1300 1156 1336 B
1184 1298 1271 1348 (B)
1312 1310 1394 1335 esse
1433 1305 1474 1334 ut
1502 1300 1764 1343 velocitates,
1798 1312 1895 1346 quas

349 1375 538 1418 punctum
572 1369 601 1404 B
637 1369 679 1403 in
716 1368 852 1414 quovis
890 1367 974 1402 axis
1011 1367 1116 1409 loco,
1161 1372 1228 1402 aut
1271 1367 1410 1413 quovis
1446 1367 1630 1413 temporis
1670 1373 1893 1410 momento,

349 1439 491 1479 habet,
532 1436 707 1482 adeoque
742 1434 1032 1481 inassignabilis
1056 1435 1286 1481 parvitatis,
1314 1439 1353 1469 et
1376 1433 1556 1468 similiter
1580 1444 1620 1468 se
1645 1445 1726 1469 rem
1750 1434 1890 1470 habere

349 1517 436 1541 cum
460 1504 555 1551 ipsis
583 1504 655 1538 GL
671 1501 924 1538 incrementis
939 1501 1203 1537 ordinatarum
1220 1527 1230 1545 ‚
1256 1512 1323 1537 seu
1348 1510 1507 1535 excessu
1528 1499 1728 1536 ordinatae
1743 1501 1813 1548 (B)
1829 1502 1894 1550 (G)

353 1584 470 1619 super
496 1571 672 1618 proxime
696 1570 761 1616 (id
793 1575 852 1604 est
897 1569 1165 1615 inassignabili
1199 1567 1436 1613 intervallo)
1478 1567 1774 1613 praecedentem
1800 1568 1892 1604 BG.

401 1638 509 1674 Haec
533 1637 772 1671 incrementa
788 1661 797 1679 ,
832 1642 900 1671 aut
923 1636 981 1684 (si
1003 1635 1239 1671 contrarium
1262 1639 1410 1669 motum
1435 1635 1555 1681 fingas
1574 1632 1589 1680 )
1617 1633 1888 1678 decrementa,

352 1706 441 1748 vel,
457 1710 501 1741 ut
528 1703 746 1750 generalius
772 1704 998 1749 loquamur,
1024 1702 1501 1750 elementa'sordinatarum
1525 1702 1587 1737 vel
1612 1702 1892 1746 abscissarum‚

357 1779 423 1809 aut
448 1773 508 1820 (si
532 1771 669 1818 malis)
706 1771 944 1807 differentias
971 1771 1270 1818 inassignabiles
1308 1770 1498 1817 (quarum
1524 1775 1655 1805 tamen
1684 1768 1733 1803 ad
1753 1769 1892 1805 alteras

355 1840 511 1876 omnino
535 1838 777 1884 assignabilis
811 1844 869 1873 est
894 1837 1024 1884 ratio)
1067 1840 1168 1874 notis
1195 1839 1395 1884 designare
1422 1837 1553 1879 volui,
1585 1837 1893 1882 exprimentibus

351 1907 579 1943 relationem
606 1904 654 1939 ad
679 1904 720 1938 id
749 1906 857 1950 cujus
884 1911 976 1939 sunt
1010 1904 1275 1950 differentiae3
1307 1905 1438 1951 itaque
1455 1929 1464 1946 ‚
1498 1903 1589 1949 quia
1611 1903 1794 1938 abscissas
1817 1903 1892 1939 AB

354 1974 579 2011 vocavimus
606 1985 659 2015 x,
701 1978 740 2007 et
772 1972 968 2008 ordinatas
1012 1972 1085 2009 BC
1121 1985 1146 2018 qs
1165 1997 1175 2015 ‚
1214 1973 1408 2008 elementa
1435 1971 1689 2006 abscissarum
1722 1980 1789 2004 seu
1818 1969 1891 2005 dif-

352 2041 539 2078 ferentias
569 2038 749 2074 minimas
781 2039 908 2087 B(B)
954 2040 1174 2075 vocabimus
1216 2039 1307 2083 clx-3
1338 2045 1374 2073 ct
1406 2038 1600 2073 elementa
1627 2035 1889 2072 ordinatarum

353 2121 417 2145 seu
462 2106 698 2143 differentias
727 2105 908 2141 minimas
947 2106 1018 2141 GL
1053 2105 1275 2141 vocabimus
1310 2105 1387 2151 dy.
1443 2106 1643 2140 Possemus
1679 2103 1782 2148 ipsas
1826 2103 1888 2139 da:

352 2176 415 2212 vel
438 2175 503 2221 dy
528 2173 785 2221 peculiaribus
808 2173 1019 2219 exprimere
1046 2173 1167 2208 literis
1184 2197 1194 2214 ‚
1230 2179 1272 2207 ut
1294 2183 1398 2217 e‚v‚
1431 2171 1494 2207 vel
1522 2177 1565 2204 ut
1595 2169 1725 2213 lubet,
1753 2168 1818 2205 sed
1832 2170 1889 2206 ita
