2051 2648
1053 152 1183 197 (90)

1042 247 1069 311 ᾗ
1110 255 1204 306 xi.

630 404 692 442 Ad
716 415 800 452 pag.
833 406 903 440 109
939 406 1077 442 verba:
1104 404 1294 441 touchant
1321 410 1456 441 vostre
1481 408 1619 442 eser-it.

354 560 563 636 Sci-iptio,
614 600 729 636 quam
767 589 830 625 hic
881 595 1161 626 commemorat·
1199 589 1403 637 Hugenius
1421 614 1432 634 ,
1485 590 1659 626 continet
1702 589 1889 626 Leibnitii

348 655 569 692 methodum
598 657 849 702 tangentium
876 657 1104 700 inversam,
1133 658 1243 704 cnjus
1269 657 1312 692 in
1338 656 1601 704 superioribus
1635 657 1776 693 litteris
1807 668 1888 694 sae-

350 724 437 770 pius
476 723 624 759 mentio
662 723 766 758 sacta
796 722 950 766 fuerat,
991 729 1032 758 et
1061 735 1159 770 quae
1186 735 1287 759 nunc
1319 723 1368 759 ad
1406 723 1631 770 Hugenium
1657 724 1890 761 mittebatur

350 803 395 827 ea
425 790 669 832 conditione,
696 789 823 824 utliic
847 790 951 826 Fatii
984 790 1214 827 methodum
1249 803 1337 827 cum
1361 791 1427 826 illo
1454 793 1766 830 communicaret.
1789 792 1884 837 Quis

351 865 482 895 autem
509 859 646 894 harum
673 857 944 894 methodorum
967 859 1315 905 pei-mutandarum
1353 860 1482 895 exitus
1505 860 1645 904 fuerit,
1675 873 1696 896 e
1720 871 1887 907 sequen-

350 928 454 964 tibus
478 926 651 973 epistolis
670 950 679 968 ,
710 925 752 960 in
771 925 877 961 Fasc.
900 926 928 962 I.
957 927 1268 971 occurrentibus,
1293 927 1544 964 manifestum
1563 934 1633 965 est.
1675 927 1773 966 Cum
1794 940 1888 965 vcro

348 995 433 1041 ipsa
472 993 657 1030 Leibnitii
687 993 845 1039 scriptio
884 1005 906 1028 a
940 993 1121 1039 Hugenio
1147 995 1257 1030 nobis
1293 1001 1448 1031 servata
1479 996 1554 1038 sit,
1590 1007 1675 1031 eam
1703 997 1775 1031 hoc
1807 995 1888 1031 loco

349 1061 561 1096 describere
587 1061 714 1095 visum
744 1060 845 1101 suit,
872 1067 955 1096 tum
982 1061 1166 1106 quoniam
1186 1061 1319 1097 dehoc
1347 1068 1574 1107 argumento
1595 1062 1693 1097 nihil
1718 1075 1741 1098 a
1767 1062 1885 1098 Leib-

356 1128 453 1164 nitio
474 1126 620 1174 publici
639 1125 786 1160 factum
809 1130 868 1160 est
889 1125 991 1170 juris
1007 1150 1017 1168 ‚
1042 1132 1125 1161 tum
1149 1133 1194 1162 ut
1214 1127 1483 1174 opportunitas
1501 1128 1715 1162 essethanc
1733 1130 1887 1164 metho-

358 1196 450 1231 dum
477 1204 561 1229 cum
576 1191 643 1226 illa
668 1190 943 1237 comparandi,
980 1203 1097 1236 quain
1121 1193 1325 1237 I-Iugcnius
1349 1205 1372 1228 a
1393 1194 1505 1229 Fauo
1522 1200 1743 1239 acceperat,
1769 1201 1808 1230 et
1835 1196 1876 1231 in

349 1273 410 1309 ep.
439 1260 489 1297 ad
514 1257 779 1306 Hospitalium
796 1257 928 1305 (Fasc.
951 1258 1032 1304 Lp.
1055 1259 1130 1294 269
1154 1257 1264 1304 sqq.)
1288 1257 1457 1294 dilucide
1487 1259 1686 1305 explicuit.

420 1326 656 1369 ZlIethodus,
695 1337 774 1373 qua
802 1326 1107 1360 innumerarum
1134 1323 1334 1359 linearum
1361 1329 1608 1361 constructio
1639 1337 1690 1361 ex
1717 1326 1815 1362 data

463 1396 718 1443 proprietate
740 1394 992 1438 tangentium
1007 1417 1017 1435 ‚
1044 1403 1115 1427 seu
1137 1394 1326 1440 aequatio
1352 1394 1464 1427 inter
1487 1391 1701 1427 abscissam
1724 1397 1765 1428 et

521 1461 751 1496 ordinatam
765 1471 814 1494 ex
841 1459 934 1494 dato
948 1458 1085 1494 valore
1099 1458 1438 1505 subtangentialis
1450 1485 1460 1502 ‚
1487 1458 1712 1495 exhibetur.

394 1530 454 1566 Ex
478 1528 679 1571 omnibus,
705 1538 804 1574 quae
823 1527 932 1562 nobis
948 1527 1183 1573 inquirenda
1205 1532 1355 1563 restant
1372 1527 1415 1562 in
1439 1527 1659 1562 Geometria
1673 1551 1684 1568 ‚
1712 1526 1811 1562 nihil
1825 1533 1884 1562 est

351 1597 508 1642 maioris
542 1596 756 1637 momenti,
795 1605 912 1641 quam
945 1593 1151 1629 methodus
1189 1596 1440 1639 tangentium
1475 1595 1662 1635 inversa,
1698 1603 1764 1628 seu
1790 1593 1882 1629 data

349 1662 593 1710 tangentium
623 1661 749 1697 lineae
783 1672 923 1697 curvae
947 1660 1184 1708 proprietate
1201 1686 1212 1704 ‚
1241 1661 1368 1708 ipsam
1403 1661 1529 1696 lineae
1557 1661 1881 1696 constructionem

347 1740 457 1778 posse
481 1729 672 1765 invenire.
725 1727 825 1764 Nam
851 1727 894 1762 in
918 1727 1177 1774 applicatione
1209 1726 1452 1763 Geometriae
1481 1726 1531 1762 ad
1558 1726 1761 1771 Physicam
1801 1737 1882 1762 sae-

350 1797 506 1845 pissime
522 1795 733 1842 contingit‚
760 1800 803 1830 ut
829 1794 933 1830 linea
955 1805 1004 1830 ex
1022 1795 1266 1841 tangentium
1281 1795 1518 1842 proprietate
1541 1800 1725 1829 noscatur
1739 1819 1749 1837 ‚
1779 1793 1880 1829 unde

353 1863 582 1900 constructio
625 1863 710 1907 ej11s
758 1861 932 1908 aliaeque
977 1862 1247 1907 proprietates·
1271 1861 1501 1907 investigari
1545 1860 1704 1896 debent.
1755 1860 1882 1896 Datur

350 1937 481 1969 autem
512 1929 745 1965 constructio
772 1928 896 1964 lineae
912 1953 922 1970 ‚
955 1928 1106 1974 quoties
1134 1928 1249 1963 datur
1273 1927 1451 1974 aequatio
1471 1927 1697 1974 exprimens
1724 1926 1882 1962 relatio-

351 2010 441 2035 nem
479 1997 583 2033 intcr
624 1996 702 2031 AB
741 1996 947 2031 abscissam
983 1996 1071 2044 (fig.
1097 1994 1174 2041 36)
1222 1995 1264 2030 in
1299 1994 1499 2030 directrice
1543 1993 1635 2028 inde
1672 2006 1693 2028 a
1738 1999 1881 2039 puncto

351 2069 425 2104 fixo
455 2065 513 2107 A,
541 2069 579 2099 et
601 2062 898 2099 BGordinatim
922 2063 1175 2111 applicatam,
1203 2063 1414 2099 normalem
1444 2061 1492 2097 ad
1521 2060 1786 2105 directricem3
1814 2062 1869 2097 ita

352 2134 457 2171 enim
483 2132 696 2177 cuicunque
726 2137 871 2177 puncto
897 2137 1023 2167 rectae
1055 2130 1264 2167 directricis
1289 2130 1318 2166 B
1349 2129 1534 2176 assignari
1560 2134 1686 2175 potest
1720 2139 1877 2175 respon-

354 2202 448 2238 dens
469 2204 659 2248 punctum
687 2210 825 2236 curvae
862 2198 947 2236 GG.
