2051 2648
919 128 1052 177 (21)

235 228 421 275 graphum
448 226 620 273 proxime
652 225 945 272 praecedentem
983 226 1224 270 dicavimus,
1269 232 1308 262 et
1347 226 1469 273 quod,
1498 227 1673 273 quamvis
1704 227 1750 263 ad

236 294 446 329 difficiliora
469 293 691 340 pertinens,
727 293 900 337 I-Iugenii
936 298 1068 327 tamen
1103 293 1259 338 ingenio
1294 304 1370 328 non
1399 292 1475 328 fuit
1503 293 1752 329 inaccessum.

236 360 298 395 Ad
330 359 426 395 illud
452 359 554 394 enim
588 357 815 393 solvendum
857 369 941 393 cum
977 359 1088 394 solita
1117 368 1321 405 praecepta
1356 359 1585 400 deficerent,
1613 372 1753 397 novam

235 427 384 472 sibique
413 425 606 472 propriam
636 425 740 461 viam
764 425 959 470 ingressus
987 431 1045 460 est
1073 426 1300 473 Hugenius,
1324 438 1422 473 qua,
1458 427 1634 474 ingentes
1660 427 1756 464 diffi-

235 493 397 528 cultates
438 491 616 526 sollerter
649 490 826 532 evitans,
860 490 971 526 brevi
1005 502 1049 526 eo
1081 492 1284 538 pervenit,
1331 498 1374 528 ut
1409 492 1598 536 eandem,
1640 505 1754 540 quam

237 558 451 594 Leibnitius
469 583 478 599 ,
497 557 702 592 exhiberet
727 558 994 601 subtangentis
1014 560 1347 594 constructionem.
1388 559 1488 602 Quid
1506 571 1595 594 vero
1609 560 1756 595 multa?

236 627 293 661 Ea
305 626 412 670 ipsa,
441 634 555 669 quam
573 634 611 658 se
633 622 839 657 absolvisse
858 623 896 660 h.
924 623 947 657 l.
971 624 1177 659 annuntiat
1205 624 1433 670 Hugenius‚
1461 624 1508 660 de
1536 625 1754 662 catenariae

236 701 373 725 curvae
406 688 648 734 disquisitio,
686 688 719 722 si
745 698 844 734 quae
884 688 981 732 alia,
1015 695 1203 725 monstrat
1234 690 1328 736 quid
1354 696 1548 736 praestare
1572 693 1753 738 potuerit.

231 755 453 792 Mirabundi
490 766 582 791 vero
626 755 788 800 legimns
822 755 1045 801 Hugenium
1084 759 1126 792 15
1163 756 1319 793 demum
1355 768 1543 793 annorum
1570 758 1756 804 juvenem

232 822 395 858 eandem
420 822 685 868 quaestionem
702 823 774 858 sibi
790 823 1088 858 examinandam
1112 824 1353 869 proposuisse
1368 849 1377 866 ‚
1405 830 1444 859 et
1459 825 1636 870 quamvis
1644 826 1760 870 Juve-

233 891 304 926 nili
326 891 401 926 ista
423 895 549 925 aetate
576 889 652 935 ipsi
682 901 760 924 non
783 889 920 924 fnisset
941 901 1160 925 concessum
1185 890 1314 925 omnia
1338 891 1413 925 huc
1435 891 1651 937 spectantia
1676 891 1758 926 luce

233 957 453 993 collustrare
468 981 478 999 ,
508 966 548 990 se
571 961 703 990 tamen
721 955 794 990 isto
808 957 892 1001 jam
917 964 1088 1003 tempore
1110 957 1377 993 nonnullorum
1396 958 1468 993 hac
1494 958 1534 991 in
1550 969 1590 992 re
1614 969 1759 993 errores

237 1025 452 1068 detexisse,
480 1030 520 1059 et
542 1023 763 1059 Mersennio
786 1023 1090 1068 demonstrasse,
1117 1023 1212 1070 quid
1235 1035 1284 1059 ne
1307 1024 1374 1058 isti
1388 1030 1560 1060 errarent
1576 1049 1586 1067 ‚
1614 1025 1759 1059 contin-

233 1104 320 1139 gere
347 1096 552 1138 oporteret.
605 1090 710 1134 Quae
733 1091 863 1125 omnia
886 1102 934 1125 ne
957 1092 1156 1137 Jactanter
1170 1095 1237 1126 aut
1264 1096 1410 1126 temere
1438 1096 1640 1127 enuntiata
1651 1091 1759 1128 vide-

229 1165 389 1202 rentur,
437 1158 660 1194 testimonia
698 1159 959 1204 quaesivimus
977 1184 987 1201 ,
1034 1159 1275 1205 inventaque
1326 1158 1579 1204 produximus
1603 1184 1613 1201 ‚
1661 1170 1757 1205 quae

230 1225 440 1261 ostendunt
479 1224 644 1259 auctoris
686 1224 806 1257 nostri
842 1224 1094 1258 assertionem
1126 1224 1284 1259 veritati
1327 1234 1410 1259 esse
1447 1231 1756 1261 consentaneam.

230 1292 407 1338 Denique
444 1290 590 1338 (veluti
618 1290 712 1324 haec
733 1289 862 1324 omnia
891 1289 1064 1324 nondum
1089 1289 1330 1339 sufficerent)
1350 1298 1515 1326 exeunte
1542 1293 1612 1328 hac
1647 1293 1747 1339 epis-

230 1359 326 1400 tola,
372 1356 574 1403 Hugenius
613 1356 670 1390 ita
700 1355 748 1390 de
796 1355 972 1391 causticis
994 1378 998 1382 -
1020 1356 1213 1401 loquitur,
1251 1361 1294 1390 ut
1326 1355 1626 1400 Tschirnhusio‚
1667 1360 1759 1406 (qui

227 1426 388 1460 istarum
416 1434 620 1459 curvarum
651 1428 781 1458 auctor
818 1422 953 1458 haberi
979 1422 1098 1470 solet)
1131 1423 1370 1459 inventionis
1395 1423 1549 1459 laudem
1579 1425 1759 1472 quodam-

228 1491 342 1527 modo
379 1491 536 1526 dubiam
572 1489 719 1525 reddat.
773 1489 1005 1534 Quibuscum
1037 1491 1070 1525 si
1092 1490 1339 1526 conferantur
1367 1502 1463 1537 quae
1487 1498 1618 1528 noster
1641 1493 1758 1540 scrip—

229 1559 279 1594 sit
304 1559 346 1594 in
371 1569 430 1604 ep¹
460 1558 510 1594 ad
532 1558 665 1594 Leibn.
688 1559 750 1593 23.
777 1569 816 1604 p.
844 1559 903 1592 81.
927 1568 984 1604 sq.
1014 1564 1053 1592 et
1074 1557 1123 1593 ad
1143 1558 1297 1605 Hospit.
1325 1559 1384 1596 22.
1408 1571 1493 1606 pag.
1517 1561 1623 1602 287„
1651 1565 1757 1606 pate-

228 1626 286 1662 bit
323 1626 450 1672 ipsum
483 1624 559 1660 sibi
594 1624 755 1660 istarum
798 1635 1001 1669 curvarum
1041 1625 1229 1670 originem
1271 1625 1484 1663 vindicare.
1537 1626 1646 1670 Quod
1682 1638 1756 1673 quo

226 1694 316 1740 jure
345 1692 499 1728 fecisset
531 1703 619 1727 cum
647 1692 983 1738 perquireremus,
1020 1704 1096 1728 non
1127 1686 1280 1729 tantum
1308 1700 1408 1729 reete
1436 1706 1525 1730 eum
1555 1696 1675 1740 egisse
1700 1707 1756 1731 re—

228 1761 421 1807 perimus,
450 1759 518 1795 sed
550 1760 673 1795 multa
704 1770 855 1806 quoque
893 1761 967 1796 alia
1004 1761 1226 1796 invenimus
1244 1785 1255 1803 ,
1287 1773 1385 1808 quae
1411 1773 1496 1797 cum
1520 1762 1562 1797 in
1587 1761 1757 1809 discipli-

228 1838 365 1863 narum
401 1827 583 1863 historiae
620 1826 860 1862 commodum
895 1836 933 1862 et
970 1834 1219 1876 augmentum
1258 1829 1429 1865 converti
1452 1835 1621 1875 queant,
1647 1830 1708 1865 hic
1736 1842 1757 1865 a

228 1895 338 1930 nobis
364 1893 617 1930 describenda
638 1905 721 1931 esse
745 1896 983 1942 putavimus

275 1962 418 1998 Ordine
450 1963 533 2008 jam
561 1962 797 2009 explicemus
836 1974 933 2009 quae
970 1964 1040 1999 hac
1070 1964 1305 2010 paragrapho
1346 1964 1730 1999 commemoravimus
1742 1976 1751 2007 ς

230 2035 345 2076 atque
367 2030 423 2066 ita
454 2041 590 2077 agmen
613 2029 729 2067 ducat
756 2030 1060 2074 demonstratio,
1098 2043 1212 2078 quam
1245 2031 1491 2067 concinnavit
1527 2030 1750 2075 Hugenius‚

228 2103 271 2133 ut
289 2096 452 2133 solveret
483 2097 680 2143 problema
702 2097 991 2135 Leibnitianum
1027 2099 1074 2134 de
1101 2099 1205 2135 linea
1225 2098 1430 2134 descensus
1452 2096 1634 2143 aequalis,
1685 2097 1749 2133 Se-

229 2163 388 2211 quentia
414 2175 459 2200 ea
484 2163 531 2200 de
556 2176 597 2199 re
621 2165 835 2212 conscripta
859 2167 1081 2203 invenimus
1106 2166 1145 2201 in
1172 2165 1336 2203 Advers.
1362 2165 1465 2204 Libr.
1490 2164 1523 2200 G
1548 2175 1622 2210 pag
1646 2166 1703 2199 47.

1171 2231 1200 2267 C
1220 2234 1242 2265 3
