2051 2648
811 134 969 183 (165)

135 244 182 269 on
218 238 310 280 peut
341 232 435 268 faire
474 232 529 267 les
562 231 775 267 balanciers
806 231 853 266 de
885 233 930 274 2,
960 234 983 267 3
1009 242 1058 267 ou
1096 234 1119 265 4
1144 231 1252 279 pieds
1287 232 1334 268 de
1365 231 1575 276 diametre‚
1611 239 1651 269 et

133 311 227 336 avec
253 299 320 334 des
352 299 620 335 balancemcns
635 323 645 341 ‚
682 297 730 332 de
748 299 798 340 2,
823 300 845 332 3
877 309 925 333 ou
949 301 973 333 4
1003 299 1196 336 secondes.
1248 300 1298 335 Et
1323 310 1394 346 par
1418 304 1651 345 consequent

131 365 226 401 faire
251 377 312 401 ces
343 366 515 411 horloges
547 366 579 399 si
606 366 732 410 Justes
756 364 868 410 qu’on
901 370 1016 406 veut,
1062 366 1226 412 puisque
1247 366 1285 401 la
1307 367 1471 412 justesse
1497 364 1650 411 depend

130 433 178 468 de
206 432 242 467 la
279 431 468 477 grandem·
505 437 543 466 et
574 430 625 466 du
663 429 775 476 poids
810 429 878 465 des
917 430 1153 474 balanciers,
1183 444 1245 468 car
1274 443 1344 478 par
1368 431 1404 468 la
1426 432 1464 468 la
1486 442 1576 467 roue
1601 431 1650 467 de

128 505 330 534 rencontre
360 510 383 533 a
407 497 531 532 moins
563 496 610 532 (le
639 496 738 531 force
764 495 787 532 a
811 495 949 532 rendre
984 497 1040 532 les
1076 498 1360 534 balancements
1390 497 1578 544 inegaux,
1611 504 1651 533 et

127 565 164 600 la
189 565 395 600 resistance
432 561 480 597 (le
503 562 587 598 l’air
609 562 689 607 agit
714 563 817 599 aussi
839 562 963 598 moins
992 564 1363 602 considerablement
1399 575 1464 599 sur
1490 576 1543 600 un
1584 565 1649 600 ba-

126 630 267 666 lancier
296 634 444 676 pesant,
471 643 490 663 >›

178 697 312 743 Neque
352 702 484 731 tamen
514 695 574 731 his
605 700 808 731 contentus
842 695 917 731 fuit
948 695 1174 742 Hugenius,
1203 695 1271 732 sed
1298 697 1503 732 inventum
1536 706 1647 732 suum

123 763 244 809 magis
273 763 470 808 magisque
492 762 672 808 perficere
698 772 937 808 summopere
961 761 1123 799 studuit.
1174 762 1299 798 Testis
1322 763 1372 797 sit
1395 762 1470 798 alia
1487 786 1497 804 ‚
1531 772 1647 809 quam

124 829 356 872 construxit,
395 829 492 864 libra
520 828 740 872 isochrona,
779 830 887 875 cuius
918 828 1124 875 descriptio
1148 835 1186 865 et
1210 828 1440 873 delineatio,
1468 829 1510 864 in
1536 828 1649 864 Libro

121 894 223 932 Adv.
246 895 277 931 Ι.
301 907 339 941 p.
363 897 422 930 99.
450 895 704 941 reperiunda,
729 895 823 932 haec
855 902 936 932 est:

171 975 190 996 ›>
221 960 435 996 Pendulum
463 961 715 1007 compositum
734 972 783 996 ex
806 961 1040 1008 ponderibus
1058 962 1115 1006 N,
1129 962 1165 998 N
1184 962 1274 1010 (fig.
1289 964 1336 997 63
1354 961 1368 1008 )
1392 961 1432 996 in
1448 967 1552 997 recta
1577 972 1647 1008 per

121 1032 307 1072 punctum
345 1027 607 1072 suspensionis
634 1027 663 1062 C
693 1028 906 1073 aequaliter
945 1027 1205 1071 distantibus,
1246 1034 1285 1063 et
1312 1037 1361 1063 ex
1393 1027 1562 1075 pondere
1586 1029 1616 1063 P
1635 1051 1645 1070 ‚

121 1092 268 1129 duobus
289 1093 403 1128 simul
425 1093 479 1135 Ν,
496 1093 530 1129 Ν
553 1093 728 1138 aequali,
754 1093 942 1139 affixoque
966 1094 1007 1128 in
1031 1094 1139 1139 virga
1160 1093 1471 1139 perpendiculari
1498 1093 1569 1128 ΟΡ
1583 1093 1619 1128 D
1637 1117 1647 1135 ‚

117 1158 159 1192 in
180 1158 230 1200 B,
255 1157 328 1192 erit
350 1156 592 1190 isochronum
617 1155 785 1199 pendulo
814 1157 1023 1200 composito
1051 1168 1100 1191 ex
1121 1156 1357 1200 ponderibus
1385 1158 1486 1191 binis
1501 1158 1575 1207 ,Q’
1591 1158 1623 1202 Q
1638 1184 1648 1201 ,

115 1223 209 1269 ipsis
228 1222 284 1264 N,
299 1221 332 1256 N
353 1219 577 1265 aequalibus
591 1243 600 1261 ‚
627 1219 749 1255 affixis
770 1219 812 1254 in
838 1219 1004 1254 brachiis
1035 1219 1065 1255 B
1080 1218 1111 1263 Q
1136 1219 1437 1257 horizontalibus
1451 1247 1461 1264 ‚
1487 1234 1647 1270 quorum

119 1286 317 1334 longitudo
344 1286 438 1332 ipsis
466 1284 540 1321 CN
560 1285 729 1330 aequalis
754 1285 827 1328 sit,
849 1290 1030 1321 manente
1057 1287 1309 1333 suspensione
1335 1298 1384 1323 ex
1404 1288 1445 1324 C.
1466 1304 1485 1324 ν

168 1369 187 1388 »
215 1352 425 1388 Pendulum
448 1351 614 1397 simplex
642 1353 795 1398 utrique
825 1352 1066 1389 isochronum
1096 1354 1170 1389 erit
1193 1354 1292 1397 CD,
1326 1356 1434 1401 cujus
1454 1367 1543 1402 pars
1568 1358 1644 1394 BD

118 1419 232 1454 tertia
266 1419 315 1453 sit
342 1417 632 1464 proportionalis
659 1417 808 1453 duabus
835 1418 930 1461 CB,
959 1419 1043 1463 BQ.
1068 1435 1087 1454 »

166 1500 183 1520 »
204 1485 312 1521 Nota.
341 1485 424 1532 (fig.
445 1483 523 1530 64)
552 1485 624 1520 ΕΒ
657 1490 715 1520 est
739 1485 912 1531 aequalis
937 1486 1039 1521 arcui
1065 1486 1163 1530 DB,
1185 1493 1224 1522 et
1247 1490 1520 1534 percurritura
1543 1501 1644 1536 pon-

117 1552 205 1587 dere
229 1552 276 1586 P2
304 1551 519 1597 (quatenus
534 1556 713 1585 movetur
741 1551 1057 1599 horizontaliter)
1081 1554 1417 1599 proportionaliter
1439 1562 1482 1591 ut
1516 1564 1644 1603 partes

118 1628 226 1653 arcus
248 1617 336 1651 ΠΒ.
388 1616 485 1660 Ergo
509 1616 643 1651 eadem
673 1617 737 1661 vi,
769 1619 852 1654 sive
876 1617 1061 1654 descensu
1083 1620 1266 1664 ponderis
1298 1622 1326 1657 P
1349 1633 1444 1668 opus
1465 1630 1567 1658 esset
1594 1624 1643 1660 ad

119 1682 395 1718 conciliandam
418 1682 579 1717 eandem
604 1683 838 1719 celeritatem
861 1684 1030 1730 pendulo
1050 1672 1259 1732 composito
1285 1697 1333 1721 ex
1356 1688 1409 1730 N,
1425 1689 1457 1723 N
1484 1695 1523 1724 et
1551 1691 1579 1725 P
1601 1690 1643 1725 in

116 1751 145 1785 B
180 1748 314 1791 affixo,
349 1754 465 1794 atque
491 1759 540 1784 ex
564 1749 624 1791 N,
640 1749 673 1784 N
710 1756 749 1786 et
774 1751 802 1787 P
832 1751 934 1786 inter
957 1763 1092 1789 curvas
1125 1763 1334 1799 suspenso3
1363 1755 1638 1793 considerando

115 1820 267 1851 tantum
289 1821 437 1850 motum
460 1815 739 1852 horizontalem
770 1817 950 1864 ponderis
976 1820 1017 1856 P.
1068 1819 1145 1856 Sed
1170 1821 1296 1865 magis
1325 1820 1525 1856 descendit
1546 1833 1639 1870 pon-

115 1881 185 1917 dus
210 1883 239 1918 P
263 1881 463 1927 posteriori
502 1892 613 1924 casu,
658 1883 748 1929 quia
782 1895 900 1921 curva
921 1885 1003 1922 DE
1036 1887 1185 1932 longior
1217 1893 1320 1923 recta
1343 1888 1443 1925 DH.
1496 1889 1634 1936 Itaque

112 1947 202 1982 hinc
222 1947 263 1981 fit
290 1952 332 1981 ut
355 1947 468 1992 paulo
494 1948 713 1984 celeriorem
744 1956 892 1986 motum
922 1952 1085 1999 accipiat
1110 1953 1323 1999 pendulum
1352 1965 1401 1989 eat
1425 1955 1478 1996 N,
1493 1955 1526 1990 N
1545 1960 1585 1989 et
1605 1957 1633 1991 P

112 2012 310 2059 pendente
341 2015 592 2060 compositum
625 2026 739 2061 quam
782 2028 832 2052 esc
860 2017 896 2054 N
908 2017 941 2053 N
973 2023 1013 2053 et
1035 2020 1064 2055 P
1087 2021 1131 2054 in
1152 2019 1296 2063 Bfixo.
1346 2019 1452 2063 Quod
1473 2020 1529 2056 ita
1549 2032 1631 2057 esse

113 2084 259 2114 constat
281 2078 328 2113 ob
358 2080 523 2125 majores
545 2091 696 2128 semper
732 2081 937 2120 distantias
963 2090 1090 2121 rectae
1121 2086 1211 2121 ΕΡα
1235 2097 1350 2130 quam
1381 2085 1469 2122 ΠΗ
1503 2097 1526 2121 a
1552 2098 1619 2133 per

111 2144 318 2192 pendiculo
355 2145 384 2182 C
402 2145 444 2181 Β.
474 2161 492 2180 »

1163 2216 1199 2252 X
1224 2219 1246 2251 3
