<?xml version="1.0" encoding="UTF-8"?>
<!DOCTYPE html PUBLIC "-//W3C//DTD XHTML 1.0 Transitional//EN"
    "http://www.w3.org/TR/xhtml1/DTD/xhtml1-transitional.dtd">
<html xmlns="http://www.w3.org/1999/xhtml" xml:lang="en" lang="en">
 <head>
  <title>
</title>
<meta http-equiv="Content-Type" content="text/html;charset=utf-8" />
  <meta name='ocr-system' content='tesseract 3.04.00' />
  <meta name='ocr-capabilities' content='ocr_page ocr_carea ocr_par ocr_line ocrx_word'/>
</head>
<body>
  <div class='ocr_page' id='page_1' title='image "./christianihugeni00huyg_0381.png"; bbox 0 0 2051 2648; ppageno 0'>
   <div class='ocr_carea' id='block_1_1' title="bbox 895 146 1024 191">
    <p class='ocr_par' dir='ltr' id='par_1_1' title="bbox 895 146 1024 191">
     <span class='ocr_line' id='line_1_1' title="bbox 895 146 1024 191; baseline 0.008 -1"><span class='ocrx_word' id='word_1_1' title='bbox 895 146 1024 191; x_wconf 78' lang='lat'>(35)</span> 
     </span>
    </p>
   </div>
   <div class='ocr_carea' id='block_1_2' title="bbox 171 240 1711 2021">
    <p class='ocr_par' dir='ltr' id='par_1_2' title="bbox 186 240 1706 353">
     <span class='ocr_line' id='line_1_2' title="bbox 186 240 1706 288; baseline 0 -11"><span class='ocrx_word' id='word_1_2' title='bbox 186 248 315 278; x_wconf 74' lang='lat' dir='ltr'>secent</span> <span class='ocrx_word' id='word_1_3' title='bbox 338 241 381 276; x_wconf 85' lang='lat' dir='ltr'>in</span> <span class='ocrx_word' id='word_1_4' title='bbox 403 240 575 287; x_wconf 84' lang='lat' dir='ltr'>pendula</span> <span class='ocrx_word' id='word_1_5' title='bbox 600 240 764 277; x_wconf 88' lang='lat' dir='ltr'>duorum</span> <span class='ocrx_word' id='word_1_6' title='bbox 798 240 1012 286; x_wconf 82' lang='lat' dir='ltr'>ponderum</span> <span class='ocrx_word' id='word_1_7' title='bbox 1051 241 1254 288; x_wconf 85' lang='lat' dir='ltr'>gravitatis</span> <span class='ocrx_word' id='word_1_8' title='bbox 1276 240 1466 279; x_wconf 83' lang='lat' dir='ltr'>diametro</span> <span class='ocrx_word' id='word_1_9' title='bbox 1503 243 1543 277; x_wconf 84' lang='lat' dir='ltr'>in</span> <span class='ocrx_word' id='word_1_10' title='bbox 1572 243 1633 286; x_wconf 90' lang='lat' dir='ltr'>H‚·</span> <span class='ocrx_word' id='word_1_11' title='bbox 1671 252 1706 278; x_wconf 80' lang='lat' dir='ltr'>et</span> 
     </span>
     <span class='ocr_line' id='line_1_3' title="bbox 193 306 1187 353; baseline 0 -10"><span class='ocrx_word' id='word_1_12' title='bbox 193 309 495 345; x_wconf 85' lang='lat' dir='ltr'>demonstratum</span> <span class='ocrx_word' id='word_1_13' title='bbox 516 307 600 353; x_wconf 85' lang='lat' dir='ltr'>jam</span> <span class='ocrx_word' id='word_1_14' title='bbox 627 313 687 342; x_wconf 88' lang='lat' dir='ltr'>est</span> <span class='ocrx_word' id='word_1_15' title='bbox 703 306 746 341; x_wconf 90' lang='lat' dir='ltr'>in</span> <span class='ocrx_word' id='word_1_16' title='bbox 767 306 860 343; x_wconf 85' lang='lat' dir='ltr'>data</span> <span class='ocrx_word' id='word_1_17' title='bbox 888 307 1068 353; x_wconf 85' lang='lat' dir='ltr'>parabola</span> <span class='ocrx_word' id='word_1_18' title='bbox 1093 318 1187 343; x_wconf 84' lang='lat' dir='ltr'>esse.</span> 
     </span>
    </p>

    <p class='ocr_par' dir='ltr' id='par_1_3' title="bbox 187 373 1711 550">
     <span class='ocr_line' id='line_1_4' title="bbox 236 373 1707 423; baseline 0.001 -13"><span class='ocrx_word' id='word_1_19' title='bbox 236 374 488 413; x_wconf 84' lang='lat' dir='ltr'><strong>Manifestum</strong></span> <span class='ocrx_word' id='word_1_20' title='bbox 512 373 604 409; x_wconf 91' lang='lat' dir='ltr'>hinc</span> <span class='ocrx_word' id='word_1_21' title='bbox 629 383 780 420; x_wconf 89' lang='lat' dir='ltr'>quoque</span> <span class='ocrx_word' id='word_1_22' title='bbox 797 380 879 418; x_wconf 89' lang='lat' dir='ltr'>est,</span> <span class='ocrx_word' id='word_1_23' title='bbox 916 374 950 409; x_wconf 85' lang='lat' dir='ltr'>si</span> <span class='ocrx_word' id='word_1_24' title='bbox 971 373 1144 422; x_wconf 89' lang='lat' dir='ltr'>aequalia</span> <span class='ocrx_word' id='word_1_25' title='bbox 1168 373 1339 423; x_wconf 86' lang='lat' dir='ltr'>pondera</span> <span class='ocrx_word' id='word_1_26' title='bbox 1361 375 1571 411; x_wconf 85' lang='lat' dir='ltr'>secundum</span> <span class='ocrx_word' id='word_1_27' title='bbox 1596 386 1707 422; x_wconf 85' lang='lat' dir='ltr'>para-</span> 
     </span>
     <span class='ocr_line' id='line_1_5' title="bbox 191 440 1711 490; baseline -0.002 -12"><span class='ocrx_word' id='word_1_28' title='bbox 191 442 349 478; x_wconf 83' lang='lat' dir='ltr'>bolicam</span> <span class='ocrx_word' id='word_1_29' title='bbox 386 440 528 476; x_wconf 88' lang='lat' dir='ltr'>lineam</span> <span class='ocrx_word' id='word_1_30' title='bbox 565 440 788 488; x_wconf 81' lang='lat' dir='ltr'>pendeant,</span> <span class='ocrx_word' id='word_1_31' title='bbox 821 447 915 478; x_wconf 89' lang='lat' dir='ltr'>tunc</span> <span class='ocrx_word' id='word_1_32' title='bbox 935 441 967 478; x_wconf 85' lang='lat' dir='ltr'>si</span> <span class='ocrx_word' id='word_1_33' title='bbox 998 441 1258 490; x_wconf 83' lang='lat' dir='ltr'>producantur</span> <span class='ocrx_word' id='word_1_34' title='bbox 1277 441 1373 485; x_wconf 87' lang='lat' dir='ltr'>BC,</span> <span class='ocrx_word' id='word_1_35' title='bbox 1403 442 1437 479; x_wconf 91' lang='lat' dir='ltr'><strong>E</strong></span> <span class='ocrx_word' id='word_1_36' title='bbox 1454 442 1489 478; x_wconf 92' lang='lat' dir='ltr'>D</span> <span class='ocrx_word' id='word_1_37' title='bbox 1505 466 1516 484; x_wconf 91' lang='lat'><strong>,</strong></span> <span class='ocrx_word' id='word_1_38' title='bbox 1541 442 1641 483; x_wconf 79' lang='lat' dir='ltr'>fore,</span> <span class='ocrx_word' id='word_1_39' title='bbox 1668 449 1711 477; x_wconf 82' lang='lat' dir='ltr'>ut</span> 
     </span>
     <span class='ocr_line' id='line_1_6' title="bbox 187 504 840 550; baseline -0.002 -5"><span class='ocrx_word' id='word_1_40' title='bbox 187 507 270 545; x_wconf 88' lang='lat' dir='ltr'>HC</span> <span class='ocrx_word' id='word_1_41' title='bbox 293 504 342 543; x_wconf 88' lang='lat' dir='ltr'>ad</span> <span class='ocrx_word' id='word_1_42' title='bbox 365 506 461 550; x_wconf 89' lang='lat' dir='ltr'>CB,</span> <span class='ocrx_word' id='word_1_43' title='bbox 491 507 543 542; x_wconf 90' lang='lat' dir='ltr'>sic</span> <span class='ocrx_word' id='word_1_44' title='bbox 565 507 650 543; x_wconf 93' lang='lat' dir='ltr'>HD</span> <span class='ocrx_word' id='word_1_45' title='bbox 672 505 721 542; x_wconf 83' lang='lat' dir='ltr'>ad</span> <span class='ocrx_word' id='word_1_46' title='bbox 745 507 840 544; x_wconf 90' lang='lat' dir='ltr'>DE.</span> 
     </span>
    </p>

    <p class='ocr_par' dir='ltr' id='par_1_4' title="bbox 172 571 1708 1682">
     <span class='ocr_line' id='line_1_7' title="bbox 235 571 1705 626; baseline 0.002 -17"><span class='ocrx_word' id='word_1_47' title='bbox 235 573 349 609; x_wconf 88' lang='lat' dir='ltr'>Varia</span> <span class='ocrx_word' id='word_1_48' title='bbox 374 577 503 608; x_wconf 87' lang='lat' dir='ltr'>autem</span> <span class='ocrx_word' id='word_1_49' title='bbox 530 571 592 607; x_wconf 87' lang='lat' dir='ltr'>hic</span> <span class='ocrx_word' id='word_1_50' title='bbox 611 573 909 619; x_wconf 84' lang='lat' dir='ltr'>contemplanda</span> <span class='ocrx_word' id='word_1_51' title='bbox 929 582 1158 618; x_wconf 83' lang='lat' dir='ltr'>occurrunt,</span> <span class='ocrx_word' id='word_1_52' title='bbox 1185 583 1226 613; x_wconf 88' lang='lat' dir='ltr'>et</span> <span class='ocrx_word' id='word_1_53' title='bbox 1250 576 1410 624; x_wconf 85' lang='lat' dir='ltr'>quidem</span> <span class='ocrx_word' id='word_1_54' title='bbox 1429 588 1522 626; x_wconf 89' lang='lat' dir='ltr'>prae</span> <span class='ocrx_word' id='word_1_55' title='bbox 1546 580 1705 614; x_wconf 85' lang='lat' dir='ltr'>caeteris</span> 
     </span>
     <span class='ocr_line' id='line_1_8' title="bbox 190 636 1708 691; baseline 0.003 -16"><span class='ocrx_word' id='word_1_56' title='bbox 190 644 326 676; x_wconf 84' lang='lat' dir='ltr'>notatu</span> <span class='ocrx_word' id='word_1_57' title='bbox 338 636 498 682; x_wconf 85' lang='lat' dir='ltr'>dignum</span> <span class='ocrx_word' id='word_1_58' title='bbox 513 659 524 679; x_wconf 88' lang='lat'><strong>,</strong></span> <span class='ocrx_word' id='word_1_59' title='bbox 551 636 653 682; x_wconf 90' lang='lat' dir='ltr'>quod</span> <span class='ocrx_word' id='word_1_60' title='bbox 674 637 837 674; x_wconf 85' lang='lat' dir='ltr'>chordae</span> <span class='ocrx_word' id='word_1_61' title='bbox 853 638 885 675; x_wconf 90' lang='lat' dir='ltr'><strong>F</strong></span> <span class='ocrx_word' id='word_1_62' title='bbox 898 639 925 675; x_wconf 91' lang='lat' dir='ltr'>Z</span> <span class='ocrx_word' id='word_1_63' title='bbox 938 663 950 681; x_wconf 85' lang='lat'>‚</span> <span class='ocrx_word' id='word_1_64' title='bbox 965 639 1040 677; x_wconf 92' lang='lat' dir='ltr'>EY</span> <span class='ocrx_word' id='word_1_65' title='bbox 1052 666 1064 683; x_wconf 92' lang='lat'>‚</span> <span class='ocrx_word' id='word_1_66' title='bbox 1089 641 1127 677; x_wconf 92' lang='lat' dir='ltr'>D</span> <span class='ocrx_word' id='word_1_67' title='bbox 1147 641 1205 685; x_wconf 86' lang='lat' dir='ltr'>X,</span> <span class='ocrx_word' id='word_1_68' title='bbox 1230 647 1271 678; x_wconf 85' lang='lat' dir='ltr'>et</span> <span class='ocrx_word' id='word_1_69' title='bbox 1291 642 1322 680; x_wconf 85' lang='lat' dir='ltr'>C</span> <span class='ocrx_word' id='word_1_70' title='bbox 1335 653 1362 676; x_wconf 79' lang='grc' dir='ltr'><em>π</em></span> <span class='ocrx_word' id='word_1_71' title='bbox 1384 648 1457 679; x_wconf 88' lang='lat' dir='ltr'>etc.</span> <span class='ocrx_word' id='word_1_72' title='bbox 1471 669 1481 686; x_wconf 94' lang='lat'>‚</span> <span class='ocrx_word' id='word_1_73' title='bbox 1498 653 1547 679; x_wconf 84' lang='lat' dir='ltr'>ex</span> <span class='ocrx_word' id='word_1_74' title='bbox 1569 644 1708 691; x_wconf 84' lang='lat' dir='ltr'>quibus</span> 
     </span>
     <span class='ocr_line' id='line_1_9' title="bbox 185 703 1706 754; baseline 0.003 -14"><span class='ocrx_word' id='word_1_75' title='bbox 185 703 355 751; x_wconf 89' lang='lat' dir='ltr'>pondera</span> <span class='ocrx_word' id='word_1_76' title='bbox 374 703 468 739; x_wconf 86' lang='lat' dir='ltr'>haec</span> <span class='ocrx_word' id='word_1_77' title='bbox 491 703 736 750; x_wconf 87' lang='lat' dir='ltr'>dependent,</span> <span class='ocrx_word' id='word_1_78' title='bbox 751 715 885 741; x_wconf 85' lang='lat' dir='ltr'>omnes</span> <span class='ocrx_word' id='word_1_79' title='bbox 903 706 1129 754; x_wconf 85' lang='lat' dir='ltr'>aequalibus</span> <span class='ocrx_word' id='word_1_80' title='bbox 1148 708 1364 746; x_wconf 88' lang='lat' dir='ltr'>intervallis</span> <span class='ocrx_word' id='word_1_81' title='bbox 1377 709 1526 746; x_wconf 88' lang='lat' dir='ltr'>distant</span> <span class='ocrx_word' id='word_1_82' title='bbox 1539 734 1550 752; x_wconf 93' lang='lat'><strong>‚</strong></span> <span class='ocrx_word' id='word_1_83' title='bbox 1574 710 1615 744; x_wconf 90' lang='lat' dir='ltr'>id</span> <span class='ocrx_word' id='word_1_84' title='bbox 1629 716 1706 751; x_wconf 81' lang='lat' dir='ltr'>est,</span> 
     </span>
     <span class='ocr_line' id='line_1_10' title="bbox 181 769 1708 820; baseline 0.003 -16"><span class='ocrx_word' id='word_1_85' title='bbox 181 772 214 805; x_wconf 91' lang='lat' dir='ltr'>si</span> <span class='ocrx_word' id='word_1_86' title='bbox 235 773 415 806; x_wconf 81' lang='lat' dir='ltr'>secentur</span> <span class='ocrx_word' id='word_1_87' title='bbox 437 780 460 806; x_wconf 86' lang='lat' dir='ltr'>a</span> <span class='ocrx_word' id='word_1_88' title='bbox 488 769 591 806; x_wconf 84' lang='lat' dir='ltr'>linea</span> <span class='ocrx_word' id='word_1_89' title='bbox 611 770 665 814; x_wconf 81' lang='grc' dir='ltr'>ζΖ</span> <span class='ocrx_word' id='word_1_90' title='bbox 681 796 691 814; x_wconf 95' lang='grc'><strong>,</strong></span> <span class='ocrx_word' id='word_1_91' title='bbox 724 771 850 818; x_wconf 86' lang='lat' dir='ltr'>spatia</span> <span class='ocrx_word' id='word_1_92' title='bbox 879 772 1086 820; x_wconf 82' lang='lat' dir='ltr'>interjecta</span> <span class='ocrx_word' id='word_1_93' title='bbox 1111 773 1184 812; x_wconf 89' lang='lat' dir='ltr'>ZY</span> <span class='ocrx_word' id='word_1_94' title='bbox 1199 800 1210 817; x_wconf 88' lang='lat'>‚</span> <span class='ocrx_word' id='word_1_95' title='bbox 1239 773 1314 812; x_wconf 87' lang='lat' dir='ltr'>YX</span> <span class='ocrx_word' id='word_1_96' title='bbox 1331 799 1343 818; x_wconf 91' lang='lat'>‚</span> <span class='ocrx_word' id='word_1_97' title='bbox 1373 774 1453 812; x_wconf 86' lang='lat' dir='ltr'>XC</span> <span class='ocrx_word' id='word_1_98' title='bbox 1479 781 1552 812; x_wconf 87' lang='lat' dir='ltr'>etc.</span> <span class='ocrx_word' id='word_1_99' title='bbox 1580 777 1708 811; x_wconf 86' lang='lat' dir='ltr'>omnia</span> 
     </span>
     <span class='ocr_line' id='line_1_11' title="bbox 182 835 1707 887; baseline 0.002 -14"><span class='ocrx_word' id='word_1_100' title='bbox 182 846 265 873; x_wconf 86' lang='lat' dir='ltr'>esse</span> <span class='ocrx_word' id='word_1_101' title='bbox 295 836 486 882; x_wconf 88' lang='lat' dir='ltr'>aequalia.</span> <span class='ocrx_word' id='word_1_102' title='bbox 536 835 618 873; x_wconf 90' lang='lat' dir='ltr'>CH</span> <span class='ocrx_word' id='word_1_103' title='bbox 638 837 743 873; x_wconf 85' lang='lat' dir='ltr'>enim</span> <span class='ocrx_word' id='word_1_104' title='bbox 775 838 947 885; x_wconf 86' lang='lat' dir='ltr'>aequalis</span> <span class='ocrx_word' id='word_1_105' title='bbox 966 845 1026 876; x_wconf 88' lang='lat' dir='ltr'>est</span> <span class='ocrx_word' id='word_1_106' title='bbox 1043 840 1143 886; x_wconf 60' lang='lat'>(3123</span> <span class='ocrx_word' id='word_1_107' title='bbox 1178 851 1265 887; x_wconf 88' lang='lat' dir='ltr'>ergo</span> <span class='ocrx_word' id='word_1_108' title='bbox 1288 841 1399 887; x_wconf 86' lang='lat' dir='ltr'>quia,</span> <span class='ocrx_word' id='word_1_109' title='bbox 1423 841 1522 877; x_wconf 89' lang='lat' dir='ltr'>sicut</span> <span class='ocrx_word' id='word_1_110' title='bbox 1550 840 1630 878; x_wconf 89' lang='lat' dir='ltr'>HC</span> <span class='ocrx_word' id='word_1_111' title='bbox 1659 842 1707 878; x_wconf 84' lang='lat' dir='ltr'>ad</span> 
     </span>
     <span class='ocr_line' id='line_1_12' title="bbox 181 901 1707 954; baseline 0.001 -14"><span class='ocrx_word' id='word_1_112' title='bbox 181 903 277 946; x_wconf 89' lang='lat' dir='ltr'>CB,</span> <span class='ocrx_word' id='word_1_113' title='bbox 309 902 394 940; x_wconf 86' lang='lat' dir='ltr'>sive</span> <span class='ocrx_word' id='word_1_114' title='bbox 420 907 465 938; x_wconf 87' lang='lat' dir='ltr'>ut</span> <span class='ocrx_word' id='word_1_115' title='bbox 494 901 566 939; x_wconf 89' lang='lat' dir='ltr'>CL</span> <span class='ocrx_word' id='word_1_116' title='bbox 591 902 641 938; x_wconf 83' lang='lat' dir='ltr'>ad</span> <span class='ocrx_word' id='word_1_117' title='bbox 658 903 756 946; x_wconf 82' lang='lat' dir='ltr'>CD,</span> <span class='ocrx_word' id='word_1_118' title='bbox 786 904 839 939; x_wconf 85' lang='lat' dir='ltr'>sic</span> <span class='ocrx_word' id='word_1_119' title='bbox 859 905 948 941; x_wconf 92' lang='lat' dir='ltr'>HD</span> <span class='ocrx_word' id='word_1_120' title='bbox 973 905 1023 942; x_wconf 84' lang='lat' dir='ltr'>ad</span> <span class='ocrx_word' id='word_1_121' title='bbox 1047 906 1154 950; x_wconf 90' lang='lat' dir='ltr'>DE,</span> <span class='ocrx_word' id='word_1_122' title='bbox 1188 907 1264 943; x_wconf 90' lang='lat' dir='ltr'>erit</span> <span class='ocrx_word' id='word_1_123' title='bbox 1293 918 1446 954; x_wconf 87' lang='lat' dir='ltr'>quoque</span> <span class='ocrx_word' id='word_1_124' title='bbox 1478 906 1563 943; x_wconf 87' lang='lat' dir='ltr'>DE</span> <span class='ocrx_word' id='word_1_125' title='bbox 1590 905 1707 954; x_wconf 89' lang='lat' dir='ltr'>dupla</span> 
     </span>
     <span class='ocr_line' id='line_1_13' title="bbox 177 968 1706 1017; baseline 0.001 -11"><span class='ocrx_word' id='word_1_126' title='bbox 177 969 286 1014; x_wconf 86' lang='lat' dir='ltr'>DH;</span> <span class='ocrx_word' id='word_1_127' title='bbox 314 969 405 1016; x_wconf 89' lang='lat' dir='ltr'>quia</span> <span class='ocrx_word' id='word_1_128' title='bbox 432 975 564 1006; x_wconf 87' lang='lat' dir='ltr'>autem</span> <span class='ocrx_word' id='word_1_129' title='bbox 587 968 678 1006; x_wconf 86' lang='lat' dir='ltr'>HD</span> <span class='ocrx_word' id='word_1_130' title='bbox 700 975 760 1005; x_wconf 85' lang='lat' dir='ltr'>est</span> <span class='ocrx_word' id='word_1_131' title='bbox 781 970 831 1007; x_wconf 89' lang='lat' dir='ltr'>ad</span> <span class='ocrx_word' id='word_1_132' title='bbox 851 971 958 1015; x_wconf 88' lang='lat' dir='ltr'>DK,</span> <span class='ocrx_word' id='word_1_133' title='bbox 984 977 1029 1008; x_wconf 90' lang='lat' dir='ltr'>ut</span> <span class='ocrx_word' id='word_1_134' title='bbox 1053 972 1136 1009; x_wconf 90' lang='lat' dir='ltr'>DE</span> <span class='ocrx_word' id='word_1_135' title='bbox 1165 972 1216 1009; x_wconf 90' lang='lat' dir='ltr'>ad</span> <span class='ocrx_word' id='word_1_136' title='bbox 1239 973 1354 1017; x_wconf 89' lang='lat' dir='ltr'>EW,</span> <span class='ocrx_word' id='word_1_137' title='bbox 1375 975 1451 1010; x_wconf 85' lang='lat' dir='ltr'>erit</span> <span class='ocrx_word' id='word_1_138' title='bbox 1476 973 1594 1009; x_wconf 85' lang='lat' dir='ltr'>etiam</span> <span class='ocrx_word' id='word_1_139' title='bbox 1612 973 1706 1010; x_wconf 90' lang='lat' dir='ltr'>WE</span> 
     </span>
     <span class='ocr_line' id='line_1_14' title="bbox 178 1034 1703 1085; baseline 0.002 -14"><span class='ocrx_word' id='word_1_140' title='bbox 178 1037 261 1073; x_wconf 85' lang='lat' dir='ltr'>sive</span> <span class='ocrx_word' id='word_1_141' title='bbox 286 1034 368 1073; x_wconf 88' lang='lat' dir='ltr'>XY</span> <span class='ocrx_word' id='word_1_142' title='bbox 401 1035 520 1082; x_wconf 86' lang='lat' dir='ltr'>dupla</span> <span class='ocrx_word' id='word_1_143' title='bbox 551 1035 635 1073; x_wconf 85' lang='lat' dir='ltr'>XD</span> <span class='ocrx_word' id='word_1_144' title='bbox 672 1036 756 1072; x_wconf 84' lang='lat' dir='ltr'>sive</span> <span class='ocrx_word' id='word_1_145' title='bbox 789 1037 854 1075; x_wconf 83' lang='grc' dir='ltr'>θΧ</span> <span class='ocrx_word' id='word_1_146' title='bbox 867 1061 879 1080; x_wconf 94' lang='grc'><strong>,</strong></span> <span class='ocrx_word' id='word_1_147' title='bbox 903 1036 946 1073; x_wconf 87' lang='lat' dir='ltr'>id</span> <span class='ocrx_word' id='word_1_148' title='bbox 978 1043 1037 1074; x_wconf 90' lang='lat' dir='ltr'>est</span> <span class='ocrx_word' id='word_1_149' title='bbox 1068 1039 1242 1085; x_wconf 87' lang='lat' dir='ltr'>aequalis</span> <span class='ocrx_word' id='word_1_150' title='bbox 1285 1039 1376 1076; x_wconf 83' lang='lat' dir='ltr'>CX.</span> <span class='ocrx_word' id='word_1_151' title='bbox 1428 1039 1616 1077; x_wconf 87' lang='lat' dir='ltr'>Similiter</span> <span class='ocrx_word' id='word_1_152' title='bbox 1656 1038 1703 1074; x_wconf 85' lang='lat' dir='ltr'>de</span> 
     </span>
     <span class='ocr_line' id='line_1_15' title="bbox 176 1100 1703 1152; baseline 0.001 -14"><span class='ocrx_word' id='word_1_153' title='bbox 176 1102 301 1149; x_wconf 84' lang='lat' dir='ltr'>spatio</span> <span class='ocrx_word' id='word_1_154' title='bbox 324 1100 394 1138; x_wconf 85' lang='lat' dir='ltr'>ZY</span> <span class='ocrx_word' id='word_1_155' title='bbox 427 1100 586 1137; x_wconf 88' lang='lat' dir='ltr'>demons</span> <span class='ocrx_word' id='word_1_156' title='bbox 596 1107 742 1146; x_wconf 88' lang='lat' dir='ltr'>tratur;</span> <span class='ocrx_word' id='word_1_157' title='bbox 777 1103 869 1149; x_wconf 89' lang='lat' dir='ltr'>quia</span> <span class='ocrx_word' id='word_1_158' title='bbox 897 1104 1001 1140; x_wconf 87' lang='lat' dir='ltr'>enim</span> <span class='ocrx_word' id='word_1_159' title='bbox 1025 1104 1044 1140; x_wconf 95' lang='lat' dir='ltr'>I</span> <span class='ocrx_word' id='word_1_160' title='bbox 1058 1103 1095 1140; x_wconf 95' lang='lat' dir='ltr'><strong>D</strong></span> <span class='ocrx_word' id='word_1_161' title='bbox 1117 1109 1178 1140; x_wconf 86' lang='lat' dir='ltr'>est</span> <span class='ocrx_word' id='word_1_162' title='bbox 1205 1105 1379 1152; x_wconf 83' lang='lat' dir='ltr'>aequalis</span> <span class='ocrx_word' id='word_1_163' title='bbox 1411 1105 1515 1149; x_wconf 90' lang='lat' dir='ltr'>DL,</span> <span class='ocrx_word' id='word_1_164' title='bbox 1539 1105 1623 1142; x_wconf 89' lang='lat' dir='ltr'>sive</span> <span class='ocrx_word' id='word_1_165' title='bbox 1646 1105 1703 1140; x_wconf 86' lang='lat' dir='ltr'>di-</span> 
     </span>
     <span class='ocr_line' id='line_1_16' title="bbox 176 1168 1702 1214; baseline 0.001 -9"><span class='ocrx_word' id='word_1_166' title='bbox 176 1169 318 1206; x_wconf 81' lang='lat' dir='ltr'>midiae</span> <span class='ocrx_word' id='word_1_167' title='bbox 343 1168 450 1212; x_wconf 82' lang='lat' dir='ltr'>Dc,</span> <span class='ocrx_word' id='word_1_168' title='bbox 487 1174 527 1204; x_wconf 87' lang='lat' dir='ltr'>et</span> <span class='ocrx_word' id='word_1_169' title='bbox 548 1175 631 1212; x_wconf 83' lang='lat' dir='ltr'>est,</span> <span class='ocrx_word' id='word_1_170' title='bbox 660 1168 758 1205; x_wconf 82' lang='lat' dir='ltr'>sicut</span> <span class='ocrx_word' id='word_1_171' title='bbox 790 1168 869 1206; x_wconf 90' lang='lat' dir='ltr'>CD</span> <span class='ocrx_word' id='word_1_172' title='bbox 895 1169 945 1206; x_wconf 86' lang='lat' dir='ltr'>ad</span> <span class='ocrx_word' id='word_1_173' title='bbox 969 1170 1060 1213; x_wconf 89' lang='lat' dir='ltr'>DI,</span> <span class='ocrx_word' id='word_1_174' title='bbox 1083 1170 1141 1207; x_wconf 83' lang='lat' dir='ltr'>ita</span> <span class='ocrx_word' id='word_1_175' title='bbox 1175 1171 1254 1208; x_wconf 82' lang='lat' dir='ltr'>FE</span> <span class='ocrx_word' id='word_1_176' title='bbox 1275 1170 1326 1206; x_wconf 81' lang='lat' dir='ltr'>ad</span> <span class='ocrx_word' id='word_1_177' title='bbox 1346 1171 1436 1214; x_wconf 87' lang='lat' dir='ltr'>EI,</span> <span class='ocrx_word' id='word_1_178' title='bbox 1459 1171 1534 1208; x_wconf 84' lang='lat' dir='ltr'>erit</span> <span class='ocrx_word' id='word_1_179' title='bbox 1556 1178 1596 1208; x_wconf 86' lang='lat' dir='ltr'>et</span> <span class='ocrx_word' id='word_1_180' title='bbox 1616 1171 1702 1207; x_wconf 86' lang='lat' dir='ltr'>ideo</span> 
     </span>
     <span class='ocr_line' id='line_1_17' title="bbox 176 1235 1700 1283; baseline 0.002 -11"><span class='ocrx_word' id='word_1_181' title='bbox 176 1236 252 1272; x_wconf 89' lang='lat' dir='ltr'>EF</span> <span class='ocrx_word' id='word_1_182' title='bbox 282 1235 400 1282; x_wconf 88' lang='lat' dir='ltr'>dupla</span> <span class='ocrx_word' id='word_1_183' title='bbox 423 1235 512 1276; x_wconf 88' lang='lat' dir='ltr'>EI,</span> <span class='ocrx_word' id='word_1_184' title='bbox 546 1240 587 1269; x_wconf 89' lang='lat' dir='ltr'>et</span> <span class='ocrx_word' id='word_1_185' title='bbox 619 1241 899 1279; x_wconf 86' lang='lat' dir='ltr'>consequenter</span> <span class='ocrx_word' id='word_1_186' title='bbox 936 1238 1103 1282; x_wconf 86' lang='lat' dir='ltr'>spatium</span> <span class='ocrx_word' id='word_1_187' title='bbox 1133 1236 1226 1279; x_wconf 88' lang='lat' dir='ltr'>ZY,</span> <span class='ocrx_word' id='word_1_188' title='bbox 1269 1236 1429 1283; x_wconf 86' lang='lat' dir='ltr'>aequale</span> <span class='ocrx_word' id='word_1_189' title='bbox 1463 1238 1589 1283; x_wconf 86' lang='lat' dir='ltr'>spatio</span> <span class='ocrx_word' id='word_1_190' title='bbox 1610 1236 1700 1275; x_wconf 78' lang='lat' dir='ltr'>Yx.</span> 
     </span>
     <span class='ocr_line' id='line_1_18' title="bbox 178 1300 1698 1351; baseline 0.002 -14"><span class='ocrx_word' id='word_1_191' title='bbox 178 1303 351 1348; x_wconf 86' lang='lat' dir='ltr'>Apparet</span> <span class='ocrx_word' id='word_1_192' title='bbox 371 1312 460 1347; x_wconf 84' lang='lat' dir='ltr'>ergo</span> <span class='ocrx_word' id='word_1_193' title='bbox 477 1300 589 1343; x_wconf 87' lang='lat' dir='ltr'>hinc,</span> <span class='ocrx_word' id='word_1_194' title='bbox 614 1300 645 1335; x_wconf 90' lang='lat' dir='ltr'>si</span> <span class='ocrx_word' id='word_1_195' title='bbox 663 1306 807 1346; x_wconf 86' lang='lat' dir='ltr'>puncta</span> <span class='ocrx_word' id='word_1_196' title='bbox 836 1300 888 1343; x_wconf 86' lang='lat' dir='ltr'>B,</span> <span class='ocrx_word' id='word_1_197' title='bbox 900 1300 952 1344; x_wconf 87' lang='lat' dir='ltr'>C,</span> <span class='ocrx_word' id='word_1_198' title='bbox 966 1301 1067 1344; x_wconf 88' lang='lat' dir='ltr'>D‚E</span> <span class='ocrx_word' id='word_1_199' title='bbox 1079 1327 1090 1345; x_wconf 91' lang='lat'>‚</span> <span class='ocrx_word' id='word_1_200' title='bbox 1102 1302 1160 1346; x_wconf 85' lang='lat' dir='ltr'>F,</span> <span class='ocrx_word' id='word_1_201' title='bbox 1178 1303 1319 1340; x_wconf 86' lang='lat' dir='ltr'>sintin</span> <span class='ocrx_word' id='word_1_202' title='bbox 1342 1303 1447 1339; x_wconf 87' lang='lat' dir='ltr'>linea</span> <span class='ocrx_word' id='word_1_203' title='bbox 1458 1303 1675 1351; x_wconf 85' lang='lat' dir='ltr'>parabolica</span> <span class='ocrx_word' id='word_1_204' title='bbox 1689 1330 1698 1348; x_wconf 89' lang='lat'>‚</span> 
     </span>
     <span class='ocr_line' id='line_1_19' title="bbox 176 1365 1698 1417; baseline 0.003 -15"><span class='ocrx_word' id='word_1_205' title='bbox 176 1367 301 1414; x_wconf 70' lang='lat' dir='ltr'>spania</span> <span class='ocrx_word' id='word_1_206' title='bbox 319 1366 397 1403; x_wconf 86' lang='lat' dir='ltr'>CX</span> <span class='ocrx_word' id='word_1_207' title='bbox 411 1391 423 1410; x_wconf 86' lang='lat'>‚</span> <span class='ocrx_word' id='word_1_208' title='bbox 445 1365 526 1403; x_wconf 90' lang='lat' dir='ltr'>XY</span> <span class='ocrx_word' id='word_1_209' title='bbox 540 1391 551 1410; x_wconf 88' lang='lat'>‚</span> <span class='ocrx_word' id='word_1_210' title='bbox 572 1365 640 1403; x_wconf 92' lang='lat' dir='ltr'>YZ</span> <span class='ocrx_word' id='word_1_211' title='bbox 662 1377 744 1402; x_wconf 89' lang='lat' dir='ltr'>esse</span> <span class='ocrx_word' id='word_1_212' title='bbox 769 1367 968 1414; x_wconf 75' lang='lat' dir='ltr'>aequalia5</span> <span class='ocrx_word' id='word_1_213' title='bbox 995 1379 1224 1407; x_wconf 87' lang='lat' dir='ltr'>conversum</span> <span class='ocrx_word' id='word_1_214' title='bbox 1255 1375 1387 1407; x_wconf 86' lang='lat' dir='ltr'>autem</span> <span class='ocrx_word' id='word_1_215' title='bbox 1414 1380 1535 1417; x_wconf 88' lang='lat' dir='ltr'>aeque</span> <span class='ocrx_word' id='word_1_216' title='bbox 1563 1381 1698 1406; x_wconf 88' lang='lat' dir='ltr'>verum</span> 
     </span>
     <span class='ocr_line' id='line_1_20' title="bbox 175 1432 1700 1482; baseline 0.004 -14"><span class='ocrx_word' id='word_1_217' title='bbox 175 1440 251 1476; x_wconf 84' lang='lat' dir='ltr'>est,</span> <span class='ocrx_word' id='word_1_218' title='bbox 270 1443 410 1478; x_wconf 87' lang='lat' dir='ltr'>nempe</span> <span class='ocrx_word' id='word_1_219' title='bbox 424 1433 457 1466; x_wconf 84' lang='lat' dir='ltr'>si</span> <span class='ocrx_word' id='word_1_220' title='bbox 474 1432 568 1468; x_wconf 84' lang='lat' dir='ltr'>haec</span> <span class='ocrx_word' id='word_1_221' title='bbox 586 1433 712 1479; x_wconf 89' lang='lat' dir='ltr'>spatia</span> <span class='ocrx_word' id='word_1_222' title='bbox 731 1434 909 1480; x_wconf 84' lang='lat' dir='ltr'>aequalia</span> <span class='ocrx_word' id='word_1_223' title='bbox 921 1441 1037 1479; x_wconf 88' lang='lat' dir='ltr'>sunt,</span> <span class='ocrx_word' id='word_1_224' title='bbox 1054 1442 1201 1482; x_wconf 86' lang='lat' dir='ltr'>puncta</span> <span class='ocrx_word' id='word_1_225' title='bbox 1219 1435 1250 1472; x_wconf 91' lang='lat' dir='ltr'><strong>B</strong></span> <span class='ocrx_word' id='word_1_226' title='bbox 1268 1460 1279 1479; x_wconf 93' lang='lat'><strong><em>,</em></strong></span> <span class='ocrx_word' id='word_1_227' title='bbox 1291 1435 1322 1473; x_wconf 91' lang='lat' dir='ltr'>C</span> <span class='ocrx_word' id='word_1_228' title='bbox 1334 1435 1458 1480; x_wconf 83' lang='lat' dir='ltr'><strong>,D‚E</strong></span> <span class='ocrx_word' id='word_1_229' title='bbox 1471 1435 1526 1479; x_wconf 92' lang='lat' dir='ltr'>‚F</span> <span class='ocrx_word' id='word_1_230' title='bbox 1544 1436 1587 1472; x_wconf 87' lang='lat' dir='ltr'>in</span> <span class='ocrx_word' id='word_1_231' title='bbox 1600 1436 1700 1474; x_wconf 85' lang='lat' dir='ltr'>linea</span> 
     </span>
     <span class='ocr_line' id='line_1_21' title="bbox 175 1499 1698 1550; baseline 0.003 -14"><span class='ocrx_word' id='word_1_232' title='bbox 175 1500 391 1547; x_wconf 82' lang='lat' dir='ltr'>parabolica</span> <span class='ocrx_word' id='word_1_233' title='bbox 414 1510 520 1536; x_wconf 84' lang='lat' dir='ltr'>esse:</span> <span class='ocrx_word' id='word_1_234' title='bbox 547 1510 634 1535; x_wconf 86' lang='lat' dir='ltr'>cum</span> <span class='ocrx_word' id='word_1_235' title='bbox 660 1499 764 1536; x_wconf 89' lang='lat' dir='ltr'>enim</span> <span class='ocrx_word' id='word_1_236' title='bbox 782 1499 820 1539; x_wconf 89' lang='lat' dir='ltr'>X</span> <span class='ocrx_word' id='word_1_237' title='bbox 834 1500 867 1539; x_wconf 89' lang='lat' dir='ltr'><strong>Y</strong></span> <span class='ocrx_word' id='word_1_238' title='bbox 891 1501 983 1538; x_wconf 88' lang='lat' dir='ltr'>data</span> <span class='ocrx_word' id='word_1_239' title='bbox 1008 1507 1068 1538; x_wconf 88' lang='lat' dir='ltr'>est</span> <span class='ocrx_word' id='word_1_240' title='bbox 1088 1501 1260 1550; x_wconf 85' lang='lat' dir='ltr'>aequalis</span> <span class='ocrx_word' id='word_1_241' title='bbox 1284 1501 1386 1547; x_wconf 82' lang='lat' dir='ltr'>CX,</span> <span class='ocrx_word' id='word_1_242' title='bbox 1413 1502 1505 1540; x_wconf 82' lang='lat' dir='ltr'>data</span> <span class='ocrx_word' id='word_1_243' title='bbox 1524 1510 1582 1539; x_wconf 87' lang='lat' dir='ltr'>est</span> <span class='ocrx_word' id='word_1_244' title='bbox 1595 1504 1698 1540; x_wconf 86' lang='lat' dir='ltr'>linea</span> 
     </span>
     <span class='ocr_line' id='line_1_22' title="bbox 172 1566 1695 1614; baseline 0.002 -9"><span class='ocrx_word' id='word_1_245' title='bbox 172 1567 204 1605; x_wconf 89' lang='lat' dir='ltr'>Y</span> <span class='ocrx_word' id='word_1_246' title='bbox 215 1569 246 1603; x_wconf 90' lang='lat' dir='ltr'><strong>E</strong></span> <span class='ocrx_word' id='word_1_247' title='bbox 262 1594 272 1610; x_wconf 89' lang='lat'>,</span> <span class='ocrx_word' id='word_1_248' title='bbox 290 1573 329 1603; x_wconf 83' lang='lat' dir='ltr'>et</span> <span class='ocrx_word' id='word_1_249' title='bbox 354 1577 439 1602; x_wconf 87' lang='lat' dir='ltr'>cum</span> <span class='ocrx_word' id='word_1_250' title='bbox 456 1567 507 1602; x_wconf 93' lang='lat' dir='ltr'>sit</span> <span class='ocrx_word' id='word_1_251' title='bbox 528 1577 680 1614; x_wconf 86' lang='lat' dir='ltr'>quoque</span> <span class='ocrx_word' id='word_1_252' title='bbox 693 1566 785 1604; x_wconf 85' lang='lat' dir='ltr'>data</span> <span class='ocrx_word' id='word_1_253' title='bbox 800 1567 882 1606; x_wconf 89' lang='lat' dir='ltr'>HE</span> <span class='ocrx_word' id='word_1_254' title='bbox 893 1592 905 1612; x_wconf 90' lang='lat'><strong>,</strong></span> <span class='ocrx_word' id='word_1_255' title='bbox 925 1567 1018 1604; x_wconf 86' lang='lat' dir='ltr'>data</span> <span class='ocrx_word' id='word_1_256' title='bbox 1036 1569 1158 1607; x_wconf 84' lang='lat' dir='ltr'>etiam</span> <span class='ocrx_word' id='word_1_257' title='bbox 1173 1575 1233 1605; x_wconf 87' lang='lat' dir='ltr'>est</span> <span class='ocrx_word' id='word_1_258' title='bbox 1257 1580 1390 1607; x_wconf 86' lang='lat' dir='ltr'>earum</span> <span class='ocrx_word' id='word_1_259' title='bbox 1409 1569 1630 1606; x_wconf 87' lang='lat' dir='ltr'>intersectio</span> <span class='ocrx_word' id='word_1_260' title='bbox 1643 1571 1695 1612; x_wconf 73' lang='lat' dir='ltr'>E,</span> 
     </span>
     <span class='ocr_line' id='line_1_23' title="bbox 177 1634 1110 1682; baseline 0 -11"><span class='ocrx_word' id='word_1_261' title='bbox 177 1646 275 1682; x_wconf 86' lang='lat' dir='ltr'>quae</span> <span class='ocrx_word' id='word_1_262' title='bbox 301 1645 380 1670; x_wconf 88' lang='lat' dir='ltr'>non</span> <span class='ocrx_word' id='word_1_263' title='bbox 404 1639 532 1681; x_wconf 83' lang='lat' dir='ltr'>potest</span> <span class='ocrx_word' id='word_1_264' title='bbox 558 1634 636 1670; x_wconf 82' lang='lat' dir='ltr'>nisi</span> <span class='ocrx_word' id='word_1_265' title='bbox 654 1635 697 1670; x_wconf 88' lang='lat' dir='ltr'>in</span> <span class='ocrx_word' id='word_1_266' title='bbox 715 1635 828 1670; x_wconf 88' lang='lat' dir='ltr'>unico</span> <span class='ocrx_word' id='word_1_267' title='bbox 846 1641 990 1682; x_wconf 84' lang='lat' dir='ltr'>puncto</span> <span class='ocrx_word' id='word_1_268' title='bbox 1016 1646 1110 1671; x_wconf 86' lang='lat' dir='ltr'>esse.</span> 
     </span>
    </p>

    <p class='ocr_par' dir='ltr' id='par_1_5' title="bbox 171 1700 1696 2021">
     <span class='ocr_line' id='line_1_24' title="bbox 220 1700 1696 1751; baseline 0.002 -13"><span class='ocrx_word' id='word_1_269' title='bbox 220 1703 324 1739; x_wconf 87' lang='lat' dir='ltr'>Hinc</span> <span class='ocrx_word' id='word_1_270' title='bbox 353 1701 548 1748; x_wconf 86' lang='lat' dir='ltr'>sequitur,</span> <span class='ocrx_word' id='word_1_271' title='bbox 579 1700 643 1748; x_wconf 86' lang='lat'>(²)</span> <span class='ocrx_word' id='word_1_272' title='bbox 669 1700 770 1747; x_wconf 82' lang='lat' dir='ltr'>quod</span> <span class='ocrx_word' id='word_1_273' title='bbox 801 1702 833 1736; x_wconf 91' lang='lat' dir='ltr'>si</span> <span class='ocrx_word' id='word_1_274' title='bbox 868 1701 949 1737; x_wconf 88' lang='lat' dir='ltr'>loco</span> <span class='ocrx_word' id='word_1_275' title='bbox 970 1709 1229 1749; x_wconf 85' lang='lat' dir='ltr'>appensorum</span> <span class='ocrx_word' id='word_1_276' title='bbox 1255 1703 1470 1750; x_wconf 87' lang='lat' dir='ltr'>ponderum</span> <span class='ocrx_word' id='word_1_277' title='bbox 1494 1704 1696 1751; x_wconf 85' lang='lat' dir='ltr'>imponan-</span> 
     </span>
     <span class='ocr_line' id='line_1_25' title="bbox 173 1768 1693 1817; baseline 0.002 -12"><span class='ocrx_word' id='word_1_278' title='bbox 173 1778 235 1805; x_wconf 86' lang='lat' dir='ltr'>tur</span> <span class='ocrx_word' id='word_1_279' title='bbox 254 1770 409 1816; x_wconf 84' lang='lat' dir='ltr'>punctis</span> <span class='ocrx_word' id='word_1_280' title='bbox 422 1770 454 1805; x_wconf 92' lang='lat' dir='ltr'>A</span> <span class='ocrx_word' id='word_1_281' title='bbox 468 1794 477 1811; x_wconf 83' lang='grc'><strong>,</strong></span> <span class='ocrx_word' id='word_1_282' title='bbox 490 1769 518 1805; x_wconf 86' lang='grc' dir='ltr'>Β</span> <span class='ocrx_word' id='word_1_283' title='bbox 532 1794 541 1811; x_wconf 92' lang='grc'><strong>,</strong></span> <span class='ocrx_word' id='word_1_284' title='bbox 554 1768 585 1807; x_wconf 86' lang='lat' dir='ltr'>C</span> <span class='ocrx_word' id='word_1_285' title='bbox 600 1794 609 1811; x_wconf 84' lang='lat'>,</span> <span class='ocrx_word' id='word_1_286' title='bbox 623 1768 659 1805; x_wconf 96' lang='lat' dir='ltr'><strong>D</strong></span> <span class='ocrx_word' id='word_1_287' title='bbox 671 1794 680 1811; x_wconf 91' lang='lat'>‚</span> <span class='ocrx_word' id='word_1_288' title='bbox 695 1769 729 1805; x_wconf 90' lang='lat' dir='ltr'><strong>E</strong></span> <span class='ocrx_word' id='word_1_289' title='bbox 740 1792 751 1811; x_wconf 88' lang='lat'>‚</span> <span class='ocrx_word' id='word_1_290' title='bbox 774 1768 1101 1817; x_wconf 86' lang='lat' dir='ltr'>parallelepipeda</span> <span class='ocrx_word' id='word_1_291' title='bbox 1126 1770 1304 1817; x_wconf 85' lang='lat' dir='ltr'>aequalia</span> <span class='ocrx_word' id='word_1_292' title='bbox 1321 1770 1357 1807; x_wconf 92' lang='lat' dir='ltr'>A</span> <span class='ocrx_word' id='word_1_293' title='bbox 1367 1789 1391 1810; x_wconf 69' lang='grc' dir='ltr'><strong><em>ω</em></strong></span> <span class='ocrx_word' id='word_1_294' title='bbox 1402 1775 1428 1815; x_wconf 79' lang='grc' dir='ltr'>β</span> <span class='ocrx_word' id='word_1_295' title='bbox 1439 1770 1470 1806; x_wconf 86' lang='grc' dir='ltr'>Τ</span> <span class='ocrx_word' id='word_1_296' title='bbox 1484 1796 1494 1814; x_wconf 85' lang='grc'><strong>,</strong></span> <span class='ocrx_word' id='word_1_297' title='bbox 1512 1770 1545 1808; x_wconf 91' lang='grc' dir='ltr'><strong>Β</strong></span> <span class='ocrx_word' id='word_1_298' title='bbox 1557 1770 1673 1808; x_wconf 73' lang='lat' dir='ltr'>vGR</span> <span class='ocrx_word' id='word_1_299' title='bbox 1683 1797 1693 1815; x_wconf 89' lang='lat'><strong>,</strong></span> 
     </span>
     <span class='ocr_line' id='line_1_26' title="bbox 172 1836 1693 1885; baseline 0 -13"><span class='ocrx_word' id='word_1_300' title='bbox 172 1836 280 1873; x_wconf 77' lang='lat' dir='ltr'>RGS</span> <span class='ocrx_word' id='word_1_301' title='bbox 292 1836 350 1879; x_wconf 91' lang='lat' dir='ltr'>D,</span> <span class='ocrx_word' id='word_1_302' title='bbox 385 1836 432 1874; x_wconf 88' lang='lat' dir='ltr'>W</span> <span class='ocrx_word' id='word_1_303' title='bbox 445 1851 468 1877; x_wconf 67' lang='grc' dir='ltr'><em>γ</em></span> <span class='ocrx_word' id='word_1_304' title='bbox 484 1836 503 1871; x_wconf 78' lang='grc' dir='ltr'><strong>δ</strong></span> <span class='ocrx_word' id='word_1_305' title='bbox 515 1837 568 1880; x_wconf 82' lang='grc' dir='ltr'>Ε,</span> <span class='ocrx_word' id='word_1_306' title='bbox 614 1847 663 1873; x_wconf 86' lang='lat' dir='ltr'>ex</span> <span class='ocrx_word' id='word_1_307' title='bbox 695 1837 860 1873; x_wconf 87' lang='lat' dir='ltr'>materia</span> <span class='ocrx_word' id='word_1_308' title='bbox 904 1838 1076 1884; x_wconf 85' lang='lat' dir='ltr'>qualibet</span> <span class='ocrx_word' id='word_1_309' title='bbox 1090 1862 1102 1881; x_wconf 90' lang='lat'>,</span> <span class='ocrx_word' id='word_1_310' title='bbox 1139 1848 1303 1885; x_wconf 89' lang='lat' dir='ltr'>quorum</span> <span class='ocrx_word' id='word_1_311' title='bbox 1336 1836 1501 1874; x_wconf 83' lang='lat' dir='ltr'>alterum</span> <span class='ocrx_word' id='word_1_312' title='bbox 1536 1836 1693 1874; x_wconf 83' lang='lat' dir='ltr'>alterius</span> 
     </span>
     <span class='ocr_line' id='line_1_27' title="bbox 171 1904 1689 1954; baseline 0.001 -15"><span class='ocrx_word' id='word_1_313' title='bbox 171 1904 407 1951; x_wconf 82' lang='lat' dir='ltr'>pressionem</span> <span class='ocrx_word' id='word_1_314' title='bbox 434 1915 512 1940; x_wconf 89' lang='lat' dir='ltr'>non</span> <span class='ocrx_word' id='word_1_315' title='bbox 536 1904 750 1951; x_wconf 82' lang='lat' dir='ltr'>impediat,</span> <span class='ocrx_word' id='word_1_316' title='bbox 785 1904 1031 1952; x_wconf 85' lang='lat' dir='ltr'>relinquatur</span> <span class='ocrx_word' id='word_1_317' title='bbox 1063 1911 1195 1943; x_wconf 85' lang='lat' dir='ltr'>autem</span> <span class='ocrx_word' id='word_1_318' title='bbox 1236 1914 1452 1954; x_wconf 88' lang='lat' dir='ltr'>appensum</span> <span class='ocrx_word' id='word_1_319' title='bbox 1481 1904 1689 1951; x_wconf 55' lang='lat' dir='ltr'>pondusm</span> 
     </span>
     <span class='ocr_line' id='line_1_28' title="bbox 171 1970 1689 2021; baseline 0 -15"><span class='ocrx_word' id='word_1_320' title='bbox 171 1971 347 2008; x_wconf 88' lang='lat' dir='ltr'>chordam</span> <span class='ocrx_word' id='word_1_321' title='bbox 404 1970 570 2007; x_wconf 85' lang='lat' dir='ltr'>eundem</span> <span class='ocrx_word' id='word_1_322' title='bbox 614 1972 732 2007; x_wconf 84' lang='lat' dir='ltr'>situm</span> <span class='ocrx_word' id='word_1_323' title='bbox 779 1979 1016 2010; x_wconf 83' lang='lat' dir='ltr'>retenturam</span> <span class='ocrx_word' id='word_1_324' title='bbox 1029 1998 1041 2016; x_wconf 86' lang='lat'>‚</span> <span class='ocrx_word' id='word_1_325' title='bbox 1100 1985 1214 2021; x_wconf 88' lang='lat' dir='ltr'>quem</span> <span class='ocrx_word' id='word_1_326' title='bbox 1263 1973 1453 2009; x_wconf 85' lang='lat' dir='ltr'>habuerat</span> <span class='ocrx_word' id='word_1_327' title='bbox 1513 1972 1689 2018; x_wconf 80' lang='lat' dir='ltr'>appensis</span> 
     </span>
    </p>
   </div>
   <div class='ocr_carea' id='block_1_3' title="bbox 185 2151 1669 2237">
    <p class='ocr_par' dir='ltr' id='par_1_6' title="bbox 185 2151 1669 2237">
     <span class='ocr_line' id='line_1_29' title="bbox 218 2151 1669 2193; baseline 0.001 -14"><span class='ocrx_word' id='word_1_328' title='bbox 218 2155 230 2189; x_wconf 90' lang='lat'><strong>(</strong></span> <span class='ocrx_word' id='word_1_329' title='bbox 245 2152 281 2189; x_wconf 86' lang='lat'>¹)</span> <span class='ocrx_word' id='word_1_330' title='bbox 301 2152 334 2180; x_wconf 86' lang='lat' dir='ltr'>ln</span> <span class='ocrx_word' id='word_1_331' title='bbox 353 2153 475 2190; x_wconf 78' lang='lat' dir='ltr'>margine</span> <span class='ocrx_word' id='word_1_332' title='bbox 493 2152 531 2180; x_wconf 70' lang='lat' dir='ltr'>ad</span> <span class='ocrx_word' id='word_1_333' title='bbox 542 2153 616 2181; x_wconf 86' lang='lat' dir='ltr'>hunc</span> <span class='ocrx_word' id='word_1_334' title='bbox 628 2151 719 2181; x_wconf 80' lang='lat' dir='ltr'>locum</span> <span class='ocrx_word' id='word_1_335' title='bbox 736 2155 848 2191; x_wconf 78' lang='lat' dir='ltr'>propria</span> <span class='ocrx_word' id='word_1_336' title='bbox 868 2164 954 2184; x_wconf 79' lang='lat' dir='ltr'>mann</span> <span class='ocrx_word' id='word_1_337' title='bbox 963 2156 1111 2185; x_wconf 70' lang='lat' dir='ltr'>annotavit</span> <span class='ocrx_word' id='word_1_338' title='bbox 1127 2155 1298 2193; x_wconf 79' lang='lat' dir='ltr'>Hugenius:</span> <span class='ocrx_word' id='word_1_339' title='bbox 1320 2163 1380 2182; x_wconf 78' lang='lat' dir='ltr'>non</span> <span class='ocrx_word' id='word_1_340' title='bbox 1392 2155 1557 2192; x_wconf 73' lang='lat' dir='ltr'>sequitur,</span> <span class='ocrx_word' id='word_1_341' title='bbox 1579 2162 1669 2191; x_wconf 74' lang='lat' dir='ltr'>neque</span> 
     </span>
     <span class='ocr_line' id='line_1_30' title="bbox 185 2209 485 2237; baseline -0.007 -1"><span class='ocrx_word' id='word_1_342' title='bbox 185 2215 231 2237; x_wconf 82' lang='lat' dir='ltr'>cst</span> <span class='ocrx_word' id='word_1_343' title='bbox 255 2217 370 2236; x_wconf 76' lang='lat' dir='ltr'>verum.</span> <span class='ocrx_word' id='word_1_344' title='bbox 405 2209 485 2235; x_wconf 72' lang='lat'>1668.</span> 
     </span>
    </p>
   </div>
   <div class='ocr_carea' id='block_1_4' title="bbox 1184 2256 1263 2290">
    <p class='ocr_par' dir='ltr' id='par_1_7' title="bbox 1184 2256 1263 2290">
     <span class='ocr_line' id='line_1_31' title="bbox 1184 2256 1263 2290; baseline -0.013 0"><span class='ocrx_word' id='word_1_345' title='bbox 1184 2256 1263 2290; x_wconf 86' lang='lat' dir='ltr'>E2</span> 
     </span>
    </p>
   </div>
  </div>
 </body>
</html>
