2051 2648
840 152 998 201 (159)

818 322 845 383 §
884 329 1024 381 XVI.

229 538 289 573 Ad
315 547 399 585 pag.
437 540 503 574 161
531 536 669 574 verba:
694 536 743 581 y'e
769 547 868 572 vous
889 536 986 586 ‘prio
1010 535 1095 573 tres
1116 533 1376 574 humblement
1401 539 1607 588 d’envoyer

387 604 425 638 la
441 602 592 648 feuille
615 603 812 649 cy-jointe
838 610 909 640 cet.
975 603 1067 642 coll.
1107 615 1193 652 pag.
1223 607 1293 641 298
1329 612 1424 643 extr.

155 834 333 897 Sebeda,
359 864 473 899 quam
500 854 537 891 h.
569 853 593 889 1.
618 853 822 900 Hugenius
849 854 1060 901 significat,
1101 855 1164 892 hic
1202 867 1224 892 a
1254 857 1364 892 nobis
1393 867 1468 892 non
1496 857 1687 895 describe-

155 927 236 962 tur,
268 921 448 966 quoniam
465 933 562 967 quae
588 933 633 957 ea
657 923 904 960 continentur
930 922 973 957 in
1001 921 1112 960 Actis
1136 922 1422 970 Lipsiensffius,
1457 930 1574 971 atque
1595 926 1686 961 hine

152 987 192 1021 in
221 987 323 1032 I-Iug.
349 990 447 1035 Opp.
480 990 605 1027 Omm.
633 989 677 1028 T.
705 992 736 1025 l.
764 1002 803 1037 p.
828 993 912 1028 516.
938 989 1045 1026 fuere
1076 989 1192 1027 edita.
1244 990 1389 1028 Ultima
1416 997 1548 1027 tamen
1571 992 1687 1039 hujus

156 1050 456 1100 scriptiunculae
482 1057 602 1092 verba
631 1057 693 1092 hic
726 1063 970 1105 repetemus,
1005 1059 1098 1105 quia
1122 1059 1359 1095 mentionem
1388 1058 1537 1096 faciunt
1559 1061 1687 1096 novis-

154 1121 273 1154 simae
310 1121 479 1164 Hugcnii
516 1124 557 1155 in
594 1123 874 1166 horologiorum
907 1135 1019 1158 cursu
1061 1123 1298 1159 moderando
1337 1125 1578 1161 inventionis
1604 1129 1687 1172 jam

152 1196 268 1231 supra
296 1197 318 1220 a
343 1186 452 1219 nobis
475 1192 720 1222 memoratae.
771 1186 871 1219 Sunt
895 1188 990 1221 haec
1015 1189 1136 1222 verba
1163 1187 1390 1232 sequentia:

204 1266 222 1284 »
242 1251 405 1286 Interim
420 1251 535 1287 aliam
563 1250 770 1298 quamdam
791 1250 1037 1288 utilissimam
1056 1264 1215 1290 curvam
1228 1263 1354 1299 nuper
1373 1254 1467 1290 mihi
1492 1263 1686 1303 repertam

153 1319 379 1354 Geometrae
401 1319 548 1361 sciant,
581 1319 689 1365 eujus
717 1330 832 1366 opera
854 1319 1056 1365 horologiis
1082 1326 1209 1356 motus
1231 1321 1405 1367 aequalis
1433 1323 1659 1361 conciliatur
1673 1351 1682 1368 ‚

153 1392 269 1432 atque
295 1385 485 1433 ejusmodi
507 1392 550 1421 ut
579 1386 696 1421 maris
718 1385 925 1431 agitatione
951 1397 1198 1433 nequaquam
1222 1387 1370 1423 turbari
1406 1395 1474 1424 aut
1507 1390 1688 1426 imminui

155 1458 293 1498 queat3
328 1451 430 1498 quod
454 1451 495 1487 in
522 1452 701 1498 pendulis
735 1452 876 1488 nostris
900 1453 1088 1488 hactenus
1114 1451 1307 1497 usurpatis
1334 1462 1411 1488 non
1436 1455 1528 1490 satis
1561 1458 1688 1493 caveri

152 1519 289 1563 potuit.
343 1518 451 1554 Adeo
499 1525 541 1554 ut
569 1530 670 1555 nova
701 1530 743 1555 ac
775 1518 914 1554 certior
954 1529 1043 1565 spes
1074 1528 1177 1553 nune
1217 1519 1421 1565 affulgeat,
1464 1523 1685 1568 perficiendi

152 1585 436 1630 longitudinum
467 1586 631 1622 inventi.
684 1586 814 1623 Curva
839 1586 933 1621 haec
966 1584 1176 1620 formatur:

151 1651 814 1698 aabbedeeeeefiiiii
838 1651 1653 1691 clemmmmworrssctuux.»

152 1720 208 1755 De
236 1720 306 1754 hae
334 1719 505 1764 Hugenii
527 1720 756 1755 inventione
777 1719 876 1756 nihil
912 1729 1105 1765 unquam,
1134 1724 1324 1765 quantum
1349 1719 1452 1763 scio,
1490 1719 1575 1756 fuit·
1592 1733 1683 1769 per-

152 1787 364 1832 vulgatum.
423 1786 695 1822 Gratissimum
719 1787 852 1833 itaque
874 1785 1035 1829 accidit,
1071 1796 1159 1821 eum
1194 1786 1236 1821 in
1265 1787 1350 1832 ipsa
1383 1787 1683 1833 scriptiunculae

152 1852 201 1888 ad
240 1853 474 1889 Leibnitlum
508 1855 648 1890 missae
677 1853 939 1899 autographa,
965 1853 1218 1898 aenigmatis,
1252 1853 1354 1900 quod
1378 1853 1654 1904 descripsimus
1671 1883 1681 1900 ‚

153 1920 383 1955 solutionem
411 1921 590 1958 invenire
619 1921 724 1957 mihi
753 1921 928 1967 contigit.
978 1919 1151 1965 Quacum
1183 1920 1215 1955 si
1237 1922 1426 1968 jugantur
1445 1933 1570 1969 quae,
1596 1931 1684 1960 utut

153 1985 381 2033 imperfecta
395 2011 406 2029 ‚
435 1986 483 2021 de
497 1985 668 2032 Hugenii
691 1985 1010 2023 meditationibus
1024 1985 1073 2022 ad
1097 1986 1169 2023 hoc
1188 1993 1460 2033 argumentum
1486 1989 1684 2035 pertinen-

154 2053 255 2088 tibus
283 2053 325 2087 in
348 2054 470 2099 ipsius
495 2052 816 2091 Adversariorum
839 2053 938 2090 libro
962 2053 1014 2091 H.
1041 2064 1081 2101 p.
1107 2055 1178 2090 172
1212 2065 1296 2101 sqq.
1322 2060 1362 2090 et
1380 2054 1412 2090 Ι.
1440 2065 1478 2102 p.
1506 2057 1566 2091 91.·
1599 2067 1686 2103 sqq.

150 2119 396 2164 reperiuntur
410 2144 420 2162 ‚
442 2121 687 2168 aliquatenus
698 2121 916 2167 intelligere
931 2122 1145 2169 poterimus
1163 2133 1262 2168 quae
1285 2131 1407 2158 novae
1438 2121 1683 2170 meliorisque

153 2185 336 2232 horologii
362 2185 593 2223 conditionis
618 2187 765 2225 fuerint
790 2188 995 2236 principia.
