2051 2648
1037 124 1196 173 (154)

378 227 536 272 Oportet
567 223 672 258 enim
707 231 792 257 eam
832 222 874 257 in
911 221 1110 257 brachium
1141 230 1256 257 suum
1291 230 1406 268 super
1438 221 1518 259 Ao
1556 224 1710 261 ductam
1753 226 1912 272 aequari

374 291 553 327 omnibus
575 289 876 336 semiquadratis
899 300 1015 336 super
1047 289 1169 325 lineas
1191 299 1213 324 e
1242 289 1285 324 in
1309 288 1454 335 ungula
1499 290 1757 327 existentibus
1789 291 1914 329 ductis

373 360 415 392 in
451 368 521 394 sua
558 358 714 394 brachia
747 368 864 405 super
904 358 938 394 A
952 358 1004 400 Ο,
1042 357 1114 392 hoc
1150 363 1210 392 est
1252 357 1296 391 in
1330 361 1350 405 ξ
1376 368 1422 401 e;
1465 357 1568 394 unde
1596 357 1718 394 oritur
1734 361 1756 406 ξ
1772 365 1808 393 3³
1846 371 1915 406 pro

374 425 561 472 producto
591 425 756 472 ungulae
790 424 917 461 dictae
952 425 994 459 in
1031 423 1231 459 brachium
1254 433 1380 460 suum.
1406 424 1502 460 Erat
1530 430 1662 460 autem
1688 429 1728 460 et
1752 425 1914 462 solidum

375 503 422 527 ex
444 493 660 540 quadrante
685 493 808 529 KGA
833 493 875 528 in
900 491 921 526 b
949 491 1111 527 ductum
1136 495 1210 540 :33-
1225 494 1277 529 e³.
1312 491 1453 538 Itaque
1476 491 1643 527 solidum
1665 491 1736 526 hoo
1759 501 1916 538 suspen-

376 571 461 596 sum
498 560 541 595 in
578 566 721 606 puncto
745 559 776 597 C
814 559 962 596 brachii
994 558 1075 595 CA
1106 558 1412 606 aequiponderat
1449 558 1529 594 sive
1556 558 1716 605 aequale
1746 560 1917 605 gravita-

377 628 428 661 tis
456 633 700 662 momentum
721 627 839 663 habet
862 637 981 673 super
1005 633 1109 662 recta
1145 626 1250 669 Ao,
1283 637 1325 662 ac
1358 624 1503 671 ungula
1526 631 1617 660 ante
1647 624 1764 662 dicta.
1792 626 1916 670 Quare

375 700 420 729 ut
445 694 590 738 ungula
623 693 671 729 ad
706 693 870 729 solidum
905 692 1026 735 illud,
1058 694 1113 729 ita
1135 692 1158 726 b
1187 692 1237 729 ad
1259 692 1459 729 brachium
1490 692 1655 738 ungulae
1676 702 1793 740 super
1821 693 1857 729 A
1874 693 1916 729 Ο.

378 760 450 795 Est
478 764 608 794 autem
635 759 778 805 ungula
833 758 990 807 Ξὲόὃ,
1021 766 1065 795 ut
1095 759 1254 795 aliunde
1290 765 1450 802 notum,
1491 766 1529 795 et
1565 759 1730 796 solidum
1769 760 1916 796 dictum

377 830 452 872 :1¹5
466 824 573 872 bbq,
600 825 631 859 si
648 835 758 860 arcus
779 824 812 859 G
827 825 863 860 A
888 826 938 860 sit
970 837 1016 873 q,
1044 837 1135 861 nam
1157 825 1322 871 KA={
1337 825 1370 864 b.
1402 827 1539 872 Itaque
1560 838 1692 862 eorum
1705 827 1801 862 ratio
1815 837 1912 873 quae

380 891 433 925 46
463 891 512 926 ad
531 895 553 928 3
567 904 603 939 q.
631 892 731 937 Ergo
749 897 793 926 ut
814 890 868 928 4b
893 892 942 928 ad
967 894 989 928 3
1004 905 1026 940 q
1044 893 1097 928 ita
1125 891 1146 926 b
1167 892 1216 928 ad
1235 897 1253 940 ᾖ
1269 905 1291 940 q
1307 919 1317 936 ,
1341 905 1439 939 quae
1464 894 1537 928 erit
1560 893 1757 939 longitudo
1772 893 1919 929 brachii

381 959 547 1004 ungulae
571 959 612 994 in
644 964 794 994 rectam
828 958 925 994 AO:
963 959 1064 1005 quod
1097 965 1135 993 et
1163 958 1321 994 aliunde
1345 960 1488 995 scimus
1516 959 1572 995 ita
1596 970 1635 994 se
1661 960 1816 995 habere.
1833 975 1853 994 ν

432 1026 506 1061 His
535 1026 781 1072 praemissis,
814 1025 1016 1062 intellectu
1051 1026 1153 1061 haud
1189 1027 1263 1061 erit
1291 1025 1466 1068 difficile,
1495 1038 1572 1072 qua
1607 1026 1756 1061 ratione
1791 1027 1923 1072 Huge—

382 1093 468 1126 nius
502 1105 711 1127 curvarum
745 1093 1003 1135 quadraturas
1046 1095 1198 1136 aliaque
1237 1095 1354 1136 hujus
1382 1094 1532 1137 generis
1552 1094 1776 1136 inveneritg
1821 1094 1922 1139 quod

382 1169 457 1203 quo
472 1156 707 1191 luculentius
733 1160 865 1198 pateat
887 1157 1056 1200 exempli
1077 1167 1192 1191 causa
1215 1157 1349 1190 afferre
1384 1157 1490 1190 lubet
1531 1158 1810 1201 quadraturam
1823 1159 1921 1194 Folii

380 1222 544 1260 Cartesii
566 1246 575 1264 ‚
596 1230 734 1266 quam,
755 1226 798 1254 ut
813 1220 894 1266 ipse
917 1221 1121 1255 annotavit
1141 1245 1150 1262 ‚
1182 1220 1244 1254 die
1269 1222 1313 1254 21
1333 1220 1430 1258 Nov.
1450 1223 1543 1256 1692
1569 1235 1590 1257 e
1614 1224 1784 1259 tenebris
1806 1227 1919 1262 eruit.

430 1290 490 1326 Sit
536 1289 669 1333 itaque
721 1287 807 1334 (fig.
851 1286 926 1332 56)
969 1287 1084 1323 ABE
1099 1288 1175 1324 ΛΑ
1221 1287 1366 1323 dictum
1406 1288 1561 1331 solium,
1595 1291 1707 1336 cujus
1743 1293 1921 1338 aequatio

383 1353 722 1394 e³÷u³=eub
741 1379 751 1396 ‚
788 1360 829 1388 et
850 1353 1041 1389 'diameter
1073 1353 1380 1400 ΑΕΞὲύν2,
1405 1355 1462 1390 ita
1484 1362 1525 1390 ut
1553 1357 1917 1403 AD=DE=÷a

385 1440 404 1459 x)
422 1423 663 1464 Haberemus
688 1421 818 1467 inquit
832 1421 1036 1467 Hugenius
1048 1447 1058 1463 ‚
1077 1437 1096 1456 ›>
1128 1423 1245 1469 hujus
1260 1434 1400 1458 curvae
1421 1422 1697 1469 quadraturam
1711 1450 1722 1465 ‚
1741 1426 1774 1460 si
1788 1437 1921 1472 cogno-

384 1501 530 1526 scerem
559 1499 749 1524 summam
772 1489 945 1524 omnium
971 1502 998 1524 u
1022 1501 1089 1525 seu
1116 1490 1188 1526 FG
1209 1491 1251 1525 in
1273 1491 1398 1536 spatio
1423 1490 1502 1526 AB
1517 1491 1618 1534 ED,
1654 1503 1766 1535 nam,
1795 1493 1921 1529 ablato

383 1557 577 1603 triangulo
607 1556 759 1597 EAD,
787 1556 853 1590 fiet
893 1556 1017 1592 ABE
1056 1558 1126 1592 hoc
1151 1563 1209 1592 est
1231 1562 1249 1601 ὲ
1277 1558 1446 1603 spatium
1474 1557 1555 1591 folii
1596 1559 1820 1596 ABEAA.

465 1656 472 1664 .
1049 1622 1147 1657 bba

435 1657 493 1693 Sit
520 1654 806 1698 bchzaee,
835 1654 938 1690 unde
958 1667 1036 1690 a:
1075 1693 1128 1716 ee

1163 1683 1173 1699 ‚
1195 1665 1233 1693 et
1247 1659 1335 1695 hinc
1351 1659 1426 1694 alia
1440 1670 1559 1694 curva
1571 1665 1814 1695 construatur
1825 1660 1859 1696 Κ
1875 1660 1893 1695 1
1909 1687 1918 1703 ‚

1189 1765 1203 1784 5
1343 1761 1358 1781 6

386 1793 494 1838 cujfls
515 1790 694 1836 aequatio
713 1801 761 1826 ex
795 1791 913 1837 priori
947 1791 1040 1827 data
1067 1793 1140 1829 erit
1166 1759 1186 1793 b
1220 1773 1244 1795 a
1281 1823 1291 1829 ,
1321 1759 1341 1794 b
1373 1800 1481 1831 :ze-⁹1.
1508 1794 1548 1831 Si
1563 1794 1745 1832 haberem
1762 1797 1918 1841 saec,

385 1892 569 1926 haberem
609 1895 648 1923 et
676 1888 741 1933 ,sb
756 1889 816 1924 bu
833 1915 842 1931 ‚
882 1896 920 1924 et
957 1891 1046 1925 hinc
1069 1894 1150 1935 su.
1201 1893 1276 1928 Sed
1301 1896 1370 1938 [α
1385 1906 1436 1928 ee
1455 1901 1513 1930 est
1534 1898 1603 1943 J}
1627 1899 1664 1931 e³
1681 1921 1690 1938 ‚
1713 1907 1801 1941 ergo
1827 1907 1921 1942 opus

386 1958 510 1993 habeo
537 1957 618 2000 J'e3
652 1954 695 1988 in
725 1964 826 1990 nova
852 1967 982 1994 curva.

435 2058 496 2096 sit
520 2060 558 2092 e3
573 2069 619 2090 =
636 2055 675 2090 b2
692 2066 714 2089 v
752 2055 924 2103 adeoque
952 2036 1023 2116 ᾗ·
1036 2073 1080 2094 =
1094 2072 1138 2104 v,
1166 2068 1205 2097 et
1222 2070 1464 2100 construatur
1483 2077 1600 2102 curva
1626 2065 1655 2103 Y
1675 2066 1713 2104 H
1726 2066 1785 2111 M,
1811 2068 1919 2114 cnjus

390 2171 481 2209 pars
505 2158 535 2196 Y
550 2158 590 2197 H
617 2164 723 2196 recta
754 2158 938 2206 parallela
968 2151 1001 2196 A
1016 2160 1057 2198 L.
