2051 2648
981 130 1103 175 (24)

489 229 598 265 Ratio
623 224 949 263 inveniendarum
974 225 1217 271 tangentium
1242 224 1288 259 in
1309 227 1435 261 curvis
1461 228 1586 265 lineis.

326 300 493 335 Ponatur
522 296 607 343 (fig.
639 292 712 337 11)
752 293 928 330 CDesse
956 298 1118 339 tangens
1142 292 1319 339 quaesita
1345 293 1387 328 in
1417 302 1558 339 puncto
1584 297 1639 339 C,
1669 298 1712 332 in
1755 310 1799 333 ea

279 364 450 411 proxime
474 369 617 410 puncto
636 360 666 397 C
686 360 805 406 accipi
830 359 1061 406 intelligitur
1079 364 1266 406 punctum
1289 361 1346 403 D,
1371 360 1473 406 quod
1495 360 1599 396 idem
1623 363 1664 398 in
1682 375 1800 400 curva

278 429 472 478 proposita
504 439 586 463 esse
624 432 810 464 censetur.
873 427 933 461 Ex
969 426 1003 461 D
1042 425 1183 461 cadant
1220 425 1407 472 perpend.
1439 426 1481 461 in
1514 425 1595 463 AC
1635 433 1673 462 et
1702 429 1801 474 BC,

279 508 418 543 nempe
451 496 557 540 DF,
589 495 683 530 DE.
735 494 853 528 Recta
878 491 950 529 AC
986 502 1167 538 superare
1195 497 1371 528 censetur
1401 498 1545 528 rectam
1580 492 1664 528 AD
1696 493 1803 530 diffe-

278 565 406 601 rentia
435 563 529 604 FC,
576 561 666 607 quia
701 560 782 595 DF
815 559 976 594 minima
1014 565 1192 605 respectu
1230 558 1321 594 AF.
1375 559 1474 594 Item
1510 559 1585 594 BD
1621 570 1801 607 superare

278 637 459 667 censetur
485 634 628 664 rectam
648 629 677 664 B
699 627 728 664 C
754 627 974 662 differentia
998 626 1086 663 ΟΕ.
1137 625 1210 663 CE
1237 631 1397 661 vocatur
1424 637 1474 668 sc,
1517 624 1586 664 CF
1621 639 1672 673 y,
1708 639 1799 674 qua-

279 711 365 735 rum
391 699 423 733 si
445 698 549 732 inter
568 707 608 731 se
630 695 728 730 ratio
751 699 996 739 cognoscatur
1015 719 1025 736 ‚
1051 693 1206 728 dabitur
1233 693 1267 728 D
1293 698 1478 738 punctum
1507 694 1548 728 in
1577 706 1801 731 concursum

281 761 658 813 perpendicularium
686 761 786 804 ΕΙ),
817 760 919 802 FD,
957 760 1128 805 adeoque
1163 766 1323 805 tangens
1346 760 1436 797 CD.
1488 761 1567 796 Ista
1590 773 1680 797 vero
1707 763 1803 798 ratio

278 831 539 877 investigatur
580 838 629 863 ex
669 827 898 872 aequatione
913 851 922 868 ,
962 827 1002 860 in
1031 838 1107 872 qua
1131 825 1288 872 ponitur
1325 832 1435 872 parte
1472 838 1550 862 una
1590 828 1803 874 proprietas

278 910 416 936 curvae
443 896 554 933 lineis
581 895 682 930 datis
705 894 739 930 A
754 893 783 930 C
799 919 808 936 ,
825 894 894 930 CB
916 904 1117 940 expressa,
1149 901 1258 940 parte
1285 893 1406 929 altera
1432 894 1567 929 eadem
1587 896 1802 942 proprietas

278 976 461 1015 expressa
490 962 602 998 lineis
633 961 738 1005 AD,
768 961 867 1003 DB,
903 971 968 995 seu
997 972 1066 1007 pro
1092 960 1140 995 iis
1164 959 1268 1003 AF,
1291 959 1371 994 ΕΒ.
1425 959 1494 995 Vel
1536 962 1804 997 tantummodo

281 1032 521 1080 exprimatur
550 1028 767 1074 proprietas
803 1038 942 1063 curvae
976 1026 1111 1072 positis
1131 1037 1207 1066 α-ι-
1226 1036 1255 1059 ,τ
1281 1031 1319 1060 et
1351 1025 1452 1071 h—qs
1480 1037 1549 1071 pro
1575 1039 1599 1061 a
1631 1032 1670 1062 et
1694 1027 1737 1070 b,
1767 1035 1805 1063 ct

281 1099 486 1136 deleantur
507 1094 635 1129 omnia
653 1099 922 1139 praeterquam
940 1092 982 1126 in
996 1092 1138 1138 quihus
1162 1103 1282 1127 unum
1313 1104 1341 1126 a:
1364 1099 1429 1128 aut
1449 1105 1475 1138 y
1489 1117 1499 1135 ‚
1535 1099 1574 1128 et
1601 1093 1806 1130 deleantur

282 1167 400 1202 etiam
425 1164 467 1199 in
492 1162 628 1209 quibus
653 1171 682 1193 a:
707 1166 745 1194 et
770 1171 796 1205 y
824 1159 1070 1205 conjunctim.
1125 1159 1286 1204 Reliqua
1319 1159 1467 1194 dabunt
1493 1159 1682 1195 rationem
1713 1161 1804 1197 :cad

284 1246 310 1279 y
335 1244 377 1269 ac
402 1228 564 1278 proinde
591 1225 787 1272 tangentis
822 1225 1157 1260 constructionem.

333 1300 585 1342 Praeceptum
612 1304 722 1328 suum
748 1292 949 1339 Hugenius
972 1291 1168 1326 nonnullis
1190 1291 1376 1337 exemplis
1399 1291 1632 1334 illustravit,
1659 1295 1806 1337 veluti,

281 1368 314 1403 si
340 1365 409 1402 BC
436 1364 486 1399 sit
508 1375 555 1404 a,
594 1366 632 1396 et
659 1360 734 1397 AC
766 1366 925 1396 vocetur
950 1358 994 1401 b,
1021 1359 1197 1405 ellipseos
1231 1364 1371 1393 natura
1392 1370 1437 1393 ea
1466 1359 1562 1402 erit,
1593 1365 1636 1394 ut
1658 1370 1808 1407 semper

281 1430 510 1475 a÷b=d‚
538 1429 570 1464 si
598 1439 737 1475 nempe
761 1427 789 1461 d
819 1428 869 1461 sit
899 1427 1003 1462 linea
1025 1426 1130 1462 data.
1181 1426 1308 1468 Hinc,
1342 1425 1374 1460 si
1400 1425 1438 1460 in
1470 1425 1546 1461 ista
1571 1427 1800 1472 aequatione

281 1512 350 1549 pro
369 1513 395 1534 a
415 1497 672 1534 substituatur
694 1507 719 1529 a
733 1503 827 1537 -1-x,
848 1499 886 1529 et
912 1505 981 1539 pro
1000 1492 1044 1536 b,
1072 1505 1146 1539 31—
1160 1492 1202 1536 b,
1225 1492 1470 1528 habebimus:

839 1574 864 1595 a
878 1572 915 1601 -†-
932 1572 961 1595 a·
974 1571 1011 1601 -ξ-
1025 1559 1045 1593 b
1058 1580 1105 1586 —
1118 1571 1144 1605 y
1157 1573 1203 1592 =
1213 1558 1249 1596 d.

330 1634 420 1670 Sive
437 1657 447 1675 ‚
472 1631 653 1678 quoniam
677 1627 892 1671 a÷b=d‚
924 1628 1149 1674 x-yzo.
1198 1627 1307 1664 Unde
1334 1637 1471 1672 xzy.
1497 1625 1601 1670 Quae
1628 1627 1806 1672 aequatio

282 1701 468 1748 significat
498 1698 679 1744 angulum
703 1698 821 1735 ECF
850 1709 872 1732 a
896 1702 1077 1742 tangente
1109 1694 1285 1731 bifariam
1315 1693 1451 1729 dividi.

330 1766 535 1805 Parabolae
554 1790 563 1807 ‚
590 1765 699 1810 cujus
736 1765 924 1800 abscissae
954 1769 1142 1799 vocantur
1176 1775 1201 1797 α
1219 1787 1229 1805 ,
1268 1761 1465 1797 ordinatae
1493 1760 1532 1805 b,
1566 1761 1804 1798 incrementa

285 1834 539 1872 abscissarum
559 1843 588 1866 :c
606 1857 616 1874 ,
652 1837 691 1866 et
724 1831 986 1866 ordinatarum
1012 1842 1058 1875 y,
1093 1830 1193 1864 latus
1217 1840 1308 1864 vero
1338 1835 1486 1862 rectum
1513 1839 1561 1870 r,
1597 1827 1690 1864 haec
1731 1830 1804 1865 erit

284 1900 461 1948 aequatio
488 1899 502 1945 (
519 1902 530 1919 ¹
548 1897 562 1944 )

936 1961 1149 2005 arzbb,

1765 2025 1805 2047 ιιι

334 2096 397 2133 (1)
418 2093 697 2122 Animadvertendum
731 2094 775 2120 est
796 2092 822 2119 h.
846 2093 865 2119 l.
886 2091 1043 2129 llugenium
1066 2091 1127 2129 ipsa
1151 2091 1297 2128 parabolae
1315 2091 1413 2117 natura
1433 2090 1512 2126 quasi
1534 2093 1659 2118 coactum
1682 2091 1767 2120 fuisse
1780 2114 1787 2123 .

295 2155 328 2181 ut
351 2161 428 2180 suam
448 2149 604 2178 methodum
628 2149 663 2176 ad
694 2149 776 2186 hujus
798 2158 900 2176 curvae
921 2150 1058 2176 abscissas
1079 2149 1107 2176 et
1137 2147 1277 2175 ordinatas
1298 2146 1457 2183 applicaret.
1499 2146 1572 2178 Quid
1593 2148 1692 2176 mirum
1716 2149 1790 2186 quod

299 2211 326 2237 et
347 2207 390 2235 hie
413 2207 527 2234 eventus
553 2206 712 2234 methodum
737 2204 976 2242 comprobaverit!
