2051 2648
824 143 980 191 (181)

187 243 291 278 Hinc
304 243 435 287 itaque
447 245 576 287 patet,
599 239 819 285 ubicunque
840 239 870 276 C
886 238 1259 286 Dperpendicularis
1281 244 1474 277 statuatur
1489 266 1499 284 ,
1524 244 1597 279 etsi
1615 244 1655 278 in

138 309 329 345 infinitum
351 307 500 342 distans
512 308 559 342 ab
589 307 662 342 AB
678 331 687 348 ‚
704 318 856 353 semper
877 306 993 353 spatii
1017 307 1064 342 ab
1083 314 1243 353 utraque
1266 308 1464 343 terminati
1480 314 1653 344 centrum

92 386 97 392 ·
135 385 190 419 gr.
214 384 290 407 non
312 373 472 409 ulterius
495 374 542 409 ab
562 373 629 409 AB
648 379 839 408 remotum
856 373 958 415 fore,
991 384 1105 419 quam
1132 374 1373 420 longitudine
1388 375 1520 411 lateris
1548 376 1656 410 recti.

133 438 262 484 Atque
297 439 391 475 adeo
425 446 531 475 recte
563 440 610 475 de
649 441 772 487 spatio
809 440 961 475 infinito
999 441 1263 484 concluditur,
1298 451 1379 476 esse
1405 442 1442 476 ei
1480 448 1654 477 centrum

134 504 287 550 aliquod
316 517 370 551 gr.
386 532 396 549 ,
417 505 536 550 idque
558 516 635 539 non
660 505 842 548 ulterius,
865 517 980 551 quam
1005 505 1152 541 dictum
1180 513 1260 550 est,
1289 507 1431 543 distare
1459 508 1506 543 ab
1538 508 1628 545 AB.

178 571 389 608 Ostendam
428 578 562 607 autem
595 582 721 617 neque
746 573 874 608 minus
900 572 1045 608 distare
1079 574 1126 608 ab
1154 574 1249 617 AB,
1286 574 1389 609 dicta
1412 574 1652 621 longitudine

131 640 262 674 lateris
296 638 412 681 recti,
437 649 479 674 ac
505 638 668 684 proinde
699 638 785 684 ipsa
810 640 883 674 hac
913 639 1154 685 longitudine
1178 640 1269 676 inde
1292 641 1438 677 abesse.

177 706 236 742 Sit
271 707 374 742 enim
408 707 498 755 (fig.
522 706 599 751 76)
625 706 739 752 spatii
766 706 910 742 infiniti
935 706 1099 743 AECB
1131 714 1251 744 centr.
1285 720 1340 754 gr.
1366 709 1420 752 G3
1443 708 1596 754 sitque,
1623 710 1655 743 si

131 779 255 818 potest
268 797 277 815 ,
301 773 334 808 G
348 774 386 808 M
406 773 533 808 minor
555 773 676 808 latere
693 778 809 809 recto.
859 772 1096 809 Abscindam
1123 774 1243 820 igitur
1256 775 1303 810 ab
1322 786 1368 810 ea
1385 781 1533 821 partem
1557 776 1596 812 M
1610 775 1656 816 R,

128 840 183 874 ita
214 846 257 874 ut
297 840 382 876 GM
422 851 500 874 una
538 851 622 874 cum
655 840 739 876 MR
770 840 897 875 minor
929 840 1052 876 adhuc
1102 841 1151 875 sit
1184 841 1304 876 latere
1344 847 1468 877 recto:
1507 848 1658 878 constat

129 907 232 941 enim
257 907 339 942 fieri
366 918 489 953 posse.
543 907 718 942 Ducatur
752 907 871 943 NRO
909 914 951 942 ut
979 918 1117 954 supra,
1144 909 1316 954 itemque
1337 915 1441 944 recta
1463 909 1498 945 A
1514 909 1597 944 OM
1622 916 1660 944 ct

127 972 222 1015 ΟΡ,
253 979 292 1008 et
326 980 501 1009 sumatur
519 974 599 1010 RK
622 974 926 1020 aequalisMG,
951 975 1053 1010 unde
1093 981 1131 1009 et
1154 975 1231 1010 GK
1265 977 1437 1022 aequalis
1465 976 1531 1011 fiet
1563 976 1657 1012 MR.

132 1038 229 1074 Cum
274 1040 394 1086 igitur
447 1040 544 1076 duas
589 1040 782 1087 portiones
827 1041 1018 1087 quaslibet
1033 1067 1042 1083 ‚
1083 1053 1247 1088 quarum
1290 1042 1401 1078 bases
1452 1043 1633 1089 aequales
1650 1067 1659 1083 ,

129 1113 261 1142 centra
298 1119 353 1151 gr.
387 1118 478 1142 suae
509 1108 565 1142 ita
592 1107 792 1148 dividant,
820 1114 864 1143 ut
887 1109 1102 1152 aequaliter
1130 1110 1277 1142 distent
1309 1122 1332 1143 a
1350 1108 1661 1155 perpendiculari

126 1171 286 1215 majori,
320 1169 419 1202 sicut
454 1170 568 1201 modo
597 1170 644 1201 de
677 1171 919 1212 portionibus
944 1173 978 1203 A
993 1172 1064 1204 BC
1081 1173 1115 1203 D
1130 1193 1140 1210 ‚
1163 1170 1351 1213 0NFE,
1387 1174 1631 1210 ostendimus
1650 1200 1659 1216 ,

127 1236 303 1281 sequitur
315 1240 353 1270 et
375 1233 422 1268 de
438 1233 600 1268 infinitis
624 1234 866 1280 portionibus
879 1259 889 1277 ,
912 1235 1046 1280 quales
1073 1241 1164 1270 sunt
1188 1237 1250 1271 hic
1269 1237 1305 1272 A
1318 1237 1430 1274 BCE
1448 1263 1457 1281 ‚
1472 1240 1632 1277 ONCE
1648 1267 1657 1283 ‚

126 1302 230 1337 idem
258 1312 396 1337 verum
431 1312 523 1336 esse.
577 1300 674 1336 Cum
703 1313 791 1346 ergo
820 1301 854 1336 G
878 1308 1050 1347 ponatur
1072 1309 1248 1339 centrum
1280 1316 1335 1350 gr.
1367 1307 1484 1351 spatii
1515 1307 1659 1342 infiniti

126 1369 159 1404 A
175 1369 201 1405 B
218 1368 289 1404 GE
305 1393 314 1410 ,
344 1368 472 1413 sitque
494 1364 762 1413 MGaequalis
777 1368 876 1410 RK,
908 1368 981 1403 erit
1010 1368 1047 1404 K
1073 1376 1250 1406 centrum
1278 1383 1334 1417 gr.
1354 1372 1476 1418 spatii
1508 1373 1657 1409 infiniti

124 1434 304 1471 ONCE.
355 1434 396 1470 Si
429 1436 510 1480 jam
545 1446 633 1480 ergo
659 1436 749 1479 fiat,
786 1436 885 1470 sicut
924 1435 1049 1485 portio
1082 1436 1250 1474 AONB
1299 1437 1348 1473 ad
1381 1438 1529 1474 dictum
1565 1451 1658 1486 spa-

126 1501 224 1537 tium
264 1501 460 1536 infinitum
499 1500 685 1542 ONCE,
721 1502 793 1537 hoc
836 1508 919 1544 est,
963 1507 1014 1536 utv
1043 1501 1122 1538 ΑΡ
1160 1503 1208 1538 ad
1247 1503 1351 1547 ΟΝ,
1395 1505 1465 1540 hoc
1500 1512 1579 1550 est,
1616 1514 1660 1543 ut

126 1568 196 1605 ΡΟ
231 1568 313 1603 sive
344 1568 422 1604 BN
452 1567 500 1602 ad
525 1567 634 1610 NM,
673 1569 730 1603 ita
761 1568 841 1605 KG
877 1569 925 1604 ad
954 1569 1049 1614 GL,
1074 1570 1147 1605 erit
1170 1569 1213 1605 in
1235 1570 1265 1605 L
1288 1577 1469 1608 centrum
1493 1585 1549 1619 gr.
1574 1585 1659 1620 por-

125 1635 241 1670 tionis
275 1634 460 1678 AONB3
500 1634 653 1680 eritque
679 1635 756 1670 GL
790 1635 963 1681 aequalis
984 1636 1017 1671 N
1037 1636 1099 1679 M,
1138 1647 1259 1682 quum
1290 1636 1372 1673 KG
1404 1637 1456 1673 sit
1487 1639 1659 1685 aequalis

122 1700 212 1739 BN.
263 1702 332 1737 Est
358 1706 488 1736 autem
517 1700 597 1737 ΒΜ
623 1702 747 1746 major
767 1702 886 1737 latere
912 1708 1014 1737 recto
1042 1703 1241 1751 (aequalis
1272 1704 1377 1738 enim
1402 1705 1493 1740 huic
1532 1713 1656 1750 esset,

127 1768 158 1801 si
182 1768 266 1804 AM
306 1774 482 1813 tangeret
517 1779 672 1804 curvam
698 1769 739 1803 in
765 1769 826 1812 A,
857 1770 971 1817 cujus
999 1780 1087 1815 pars
1120 1769 1199 1806 ΑΟ
1225 1781 1329 1806 nunc
1355 1783 1488 1808 arcum
1517 1785 1658 1810 curvae

125 1835 348 1876 subtendst,
390 1834 555 1880 ideoque
585 1836 749 1880 angulus
784 1835 903 1872 PAO
937 1837 979 1870 fit
1015 1837 1157 1882 major,
1203 1848 1318 1884 quam
1368 1840 1399 1874 si
1442 1840 1522 1876 ΑΟ
1556 1841 1599 1875 in
1624 1841 1658 1877 A

124 1908 285 1947 tangens
312 1902 454 1948 esset).
506 1901 581 1938 Sed
607 1903 694 1939 GM
719 1915 797 1939 una
820 1914 905 1939 cum
931 1904 1013 1940 MR
1040 1904 1167 1940 minor
1190 1911 1249 1940 est
1278 1906 1397 1942 latere
1432 1916 1562 1952 recto,·
1603 1919 1653 1943 ex

126 1974 264 2003 constr.
320 1970 420 2014 Ergo
447 1968 585 2004 ablatis
620 1971 815 2017 utrimque
865 1971 1112 2018 aequalibus,
1151 1973 1242 2008 hinc
1281 1973 1386 2016 MR,
1430 1973 1520 2008 inde
1553 1974 1653 2017 BN,

127 2033 361 2080 relinquitur
383 2034 472 2072 NM
509 2037 632 2082 major
670 2026 786 2083 quam
819 2038 915 2075 GM.
967 2038 1043 2074 Sed
1072 2039 1149 2086 ipsi
1182 2040 1272 2076 NM
1303 2041 1474 2085 aequalis
1505 2047 1658 2078 ostensa

122 2106 180 2135 est
208 2100 292 2136 GL.
343 2100 443 2145 Ergo
471 2107 510 2135 et
531 2101 604 2136 GL
626 2104 752 2150 major
775 2115 889 2151 quam
915 2105 1013 2140 GM.
1065 2107 1205 2152 Itaque
1229 2107 1260 2142 L
1284 2113 1457 2142 centrum
1482 2118 1537 2153 gr.
1564 2118 1650 2154 por-

125 2167 239 2202 tionis
271 2167 303 2203 A
320 2166 440 2203 BNO
466 2168 569 2203 cadit
599 2176 709 2205 extra
739 2172 956 2217 portionem
981 2172 1133 2218 ipsam,
1166 2172 1224 2208 ita
1250 2178 1292 2208 ut
1324 2179 1428 2210 recta
1462 2183 1530 2220 per
1551 2174 1648 2213 illud

1161 2238 1188 2275 Z
1215 2240 1237 2273 3
