2051 2648
867 152 995 199 (5⁷)

177 251 212 286 la
227 251 327 296 ligne
342 249 375 285 A
391 250 437 294 B,
467 250 499 284 si
525 249 596 284 elle
620 248 735 283 estoit
760 247 1089 295 perpendiculaire
1114 246 1184 283 ala
1206 252 1406 292 tangente,
1431 247 1563 284 devoit
1589 255 1686 284 estre

176 317 280 362 egale
318 316 409 352 d’un
448 322 487 350 et
513 315 658 350 d'autre
701 314 802 349 coste
837 314 884 349 de
922 319 1021 348 cette
1052 313 1168 359 ligne.
1220 314 1382 348 Ensuite
1419 313 1447 347 il
1474 313 1556 349 erut
1594 325 1690 360 que,

176 393 237 418 ces
274 382 491 426 distances,
533 381 669 428 depuis
703 381 758 416 les
784 386 934 416 centres
968 380 1014 415 de
1047 379 1194 425 gravite
1225 380 1292 415 des
1333 381 1390 415 fils
1424 392 1472 416 au
1504 381 1611 427 point
1641 382 1692 423 B,

177 455 302 484 estant
340 449 464 495 egales
509 448 600 483 d'un
653 448 752 483 coste
803 453 842 482 et
877 447 1024 483 d’autre
1040 473 1049 490 ‚
1097 448 1175 482 cela
1216 459 1263 482 ne
1302 448 1507 483 convenoit
1541 458 1610 493 pas
1645 459 1694 483 au

175 519 303 549 centre
331 513 377 549 de
402 513 559 560 gravite.
610 514 707 548 Mais
744 513 799 547 s’il
825 513 930 550 avoit
962 513 1074 547 mene
1097 512 1164 547 des
1185 513 1313 558 points
1352 513 1385 547 D
1409 513 1477 548 des
1505 513 1610 547 sinus
1632 524 1695 548 sur

176 581 275 623 AB,
306 581 334 614 il
361 580 484 614 auroit
510 591 561 614 vu
588 580 698 624 qu'ils
723 580 888 614 estoient
917 581 1061 615 chacun
1083 591 1206 625 egaux
1235 590 1312 614 aux
1345 579 1694 625 perpendiculaires

175 647 222 682 de
247 647 275 681 B
308 656 373 680 sur
399 645 453 680 les
484 645 606 691 lignes
646 644 752 688 AN,
792 652 831 680 et
869 645 1032 692 qu'ainsi
1064 646 1138 680 AB
1179 646 1293 680 estoit
1328 646 1363 680 le
1403 656 1499 689 vray
1542 656 1612 681 axe
1648 646 1694 680 de

171 716 377 758 pesanteur
404 711 471 745 des
496 711 600 746 fils»

217 777 399 813 Ceterum
434 777 564 824 pulcra
591 777 784 813 Duillierii
811 778 988 814 inventio
1002 803 1011 820 ,
1038 788 1154 824 quam
1172 778 1215 812 in
1238 777 1323 823 ipsa
1343 778 1414 813 hac
1429 783 1519 813 nota
1534 789 1696 813 comme-

171 849 294 879 morat
330 845 556 890 Hugenius,
601 845 648 880 de
688 845 842 880 sinuum
872 856 1046 887 summa,
1083 850 1185 879 arcte
1222 844 1397 878 cohaeret
1426 855 1511 878 cum
1550 844 1697 889 proble-

168 916 271 946 mate
297 909 344 945 (16
369 912 619 956 tangentibus
647 910 834 947 ducendis
862 911 910 946 ad
935 921 1096 953 curvaS,
1130 921 1293 956 quarum
1321 910 1416 945 haec
1439 915 1577 944 natura
1608 915 1691 950 est,

166 983 209 1012 ut
242 988 391 1013 summa
429 977 704 1014 distantiarum
735 979 871 1024 puncti
909 978 1115 1024 cujuslibet
1153 989 1292 1013 curvae
1337 977 1386 1012 ad
1419 976 1494 1011 duo
1534 976 1695 1022 plurave

169 1043 246 1078 alia
259 1043 447 1089 positione
476 1043 567 1080 data
592 1056 744 1091 semper
758 1046 807 1079 sit
833 1046 1005 1090 aequalis
1029 1045 1153 1080 lineae
1174 1045 1299 1079 datae.
1350 1043 1483 1086 Quoad
1513 1044 1583 1078 hoc
1614 1054 1697 1089 pro-

171 1109 298 1144 blema
322 1111 524 1155 sequentia
548 1111 590 1145 in
619 1111 753 1146 eodem
779 1111 876 1145 libro
902 1111 944 1146 F.
969 1121 1008 1157 p.
1032 1112 1116 1145 230.
1144 1110 1192 1145 ab
1224 1109 1403 1155 Hugenio
1429 1108 1537 1145 fuere
1557 1109 1697 1145 litteris

173 1175 407 1222 consignata.
434 1176 540 1222 (Fig.
565 1178 610 1211 25
631 1175 645 1222 )

219 1256 237 1275 υ
270 1242 370 1282 A,ss
386 1265 396 1281 ‚
412 1241 463 1281 C,
496 1247 640 1286 puncta
671 1240 762 1276 data
781 1242 822 1276 in
849 1242 953 1276 linea
979 1248 1083 1277 recta
1109 1242 1171 1277 vel
1199 1246 1407 1286 utcunque.
1458 1241 1590 1278 KDK
1614 1254 1695 1278 cur-

169 1318 220 1343 va
254 1305 443 1351 ejusmodi
477 1312 661 1348 naturae,
704 1313 771 1349 ut,
795 1307 922 1343 ductis
948 1309 997 1344 ad
1026 1310 1109 1354 ejus
1132 1314 1318 1354 punctum
1350 1307 1551 1353 quodlibet
1582 1309 1695 1344 rectis

170 1373 203 1408 A
218 1372 254 1407 D
272 1396 283 1413 ,
309 1373 338 1407 B
354 1372 388 1406 D
402 1396 412 1414 ‚
442 1371 471 1408 C
486 1372 521 1407 D
536 1397 546 1414 ,
576 1373 712 1407 harum
742 1384 894 1409 summa
911 1374 962 1409 sit
988 1374 1101 1410 datae
1123 1380 1249 1410 rectae
1271 1373 1455 1420 aequalis.
1492 1374 1696 1417 Quaeritur

168 1445 329 1483 tangens
355 1439 397 1473 in
421 1439 468 1474 D.

214 1505 273 1540 Sit
291 1516 336 1539 ea
368 1505 472 1546 DE,
503 1511 543 1541 et
572 1506 604 1540 E
628 1511 814 1552 punctum
856 1507 1074 1552 proximum
1119 1507 1178 1550 D,
1220 1505 1338 1552 idque
1373 1506 1619 1542 censendum
1652 1508 1694 1542 in

165 1583 280 1606 curva
304 1571 482 1607 existere.
509 1571 571 1607 Ab
598 1573 628 1608 E
650 1573 692 1607 in
717 1579 839 1608 rectas
864 1574 898 1608 A
914 1574 972 1616 D,
996 1575 1066 1609 BD
1083 1599 1093 1617 ,
1110 1573 1211 1616 CD,
1237 1573 1268 1608 si
1293 1584 1388 1619 opus
1403 1573 1453 1607 sit
1466 1572 1692 1618 productas,

169 1638 310 1674 cadunt
333 1637 522 1684 perpend.
549 1639 648 1683 EG,
675 1640 782 1682 ΕΗ,
811 1641 898 1675 EF.

214 1707 314 1752 Ergo
354 1705 386 1739 si
423 1716 472 1741 ex
501 1707 554 1748 A,
578 1706 630 1748 B,
656 1706 707 1749 C,
748 1706 982 1742 ducerentur
1006 1712 1132 1742 rectae
1163 1706 1211 1742 ad
1245 1708 1278 1742 E
1295 1731 1305 1749 ,
1331 1712 1476 1742 crescet
1501 1718 1567 1750 ea,
1600 1719 1694 1753 quae

171 1782 218 1807 ex
254 1771 306 1814 C,
340 1771 581 1817 longitudine
619 1773 716 1815 EF,
759 1784 857 1819 quae
897 1784 946 1809 ex
974 1775 999 1809 Β
1028 1773 1268 1809 diminuetur
1305 1772 1547 1819 longitudine
1587 1774 1695 1817 DH,

174 1848 271 1884 quae
298 1848 345 1872 ex
371 1838 404 1873 A
437 1838 678 1873 diminuetur
702 1840 797 1875 item
821 1840 1062 1887 longitudine
1090 1840 1184 1875 DG.
1236 1841 1335 1885 Ergo
1360 1846 1405 1875 ut
1429 1851 1580 1876 summa
1609 1840 1698 1876 duc-

173 1911 299 1939 tarum
328 1914 376 1939 ex
399 1905 425 1939 A
441 1930 450 1947 ,
474 1906 503 1941 B
518 1930 527 1947 ‚
553 1905 582 1941 C
608 1905 657 1941 ad
683 1907 715 1941 E
746 1907 795 1941 sit
813 1907 985 1953 aequalis
999 1907 1124 1942 tribus
1148 1917 1197 1941 ex
1214 1906 1267 1949 A,
1283 1907 1310 1941 Β
1326 1932 1335 1949 ,
1352 1906 1402 1949 C,
1431 1907 1480 1942 ad
1499 1907 1533 1942 D
1549 1906 1693 1949 ductis,

175 1971 245 2006 hoc
272 1976 330 2005 est
354 1976 480 2005 rectae
505 1971 619 2007 datae
635 1997 645 2015 ,
682 1979 831 2019 oportet
856 1973 936 2008 DF
961 1973 1120 2020 aequari
1145 1973 1292 2008 duabus
1319 1972 1428 2015 DH,
1456 1973 1549 2009 DG.

223 2035 281 2070 Sit
307 2038 484 2082 tangenti
509 2038 590 2073 DE
619 2040 951 2085 perpendicularis
978 2041 1082 2083 DL,
1116 2045 1155 2074 et
1181 2050 1229 2074 ex
1253 2040 1289 2075 D
1321 2039 1513 2085 descripta
1537 2039 1695 2074 circumn

177 2101 340 2138 ferentia
375 2112 478 2140 secet
516 2111 639 2141 rectas
674 2105 784 2150 AD,
811 2108 912 2151 BD,
941 2107 1016 2144 CD
1046 2108 1089 2142 in
1113 2107 1177 2149 M,
1203 2107 1258 2149 Ο,
1281 2106 1339 2148 Ν,
1377 2105 1480 2141 1111(16
1508 2104 1697 2140 ducantur

178 2170 219 2204 in
244 2170 323 2205 DL
355 2171 692 2216 perpendiculares
730 2173 836 2216 MQ,
878 2175 978 2216 ΟΒ,
1013 2174 1100 2211 ΡΝ.
1152 2171 1260 2216 Quod
1295 2172 1327 2206 si
1359 2172 1442 2217 jam
1486 2182 1555 2217 pro
1590 2170 1697 2206 radio

1166 2239 1205 2272 H
