2051 2648
1021 168 1059 194 11

270 257 577 293 concederetur!
606 255 724 290 Fieri
751 257 854 290 enim
874 255 942 289 rix
961 266 1081 302 posse
1103 255 1308 301 arbitror,
1334 263 1381 292 ut
1402 260 1491 304 quis
1506 283 1516 301 ‚
1539 261 1624 295 sine
1645 262 1799 306 ingenti

267 327 393 360 animi
440 323 643 370 voluptate
678 322 801 357 simul
840 327 880 357 et
917 322 1120 366 utilitate,
1172 322 1265 359 haec
1303 327 1455 373 scripta
1490 325 1624 372 legat,·
1662 330 1800 374 quippe

266 405 365 439 quae
387 391 473 436 ejus
508 392 593 424 sint
619 394 659 424 et
679 388 827 424 indolis
857 395 897 424 et
927 389 1228 437 (tnrplitudinis,
1252 396 1298 426 ut
1321 392 1594 428 celeberrimos
1630 405 1800 442 quosque

252 460 574 502 florentissimae
598 459 723 491 istius
750 459 900 491 aetatis
922 456 1180 505 Philosophus
1207 457 1334 494 veluti
1359 471 1556 507 personas
1581 462 1625 495 in
1646 473 1799 495 scenam

254 526 499 573 prodeuntes
534 529 573 559 et
599 529 761 570 agentes
790 524 902 559 nobis
926 524 971 559 ob
1009 525 1139 560 oculos
1157 531 1338 573 ponant,
1383 532 1423 562 et
1454 527 1553 576 quid
1581 527 1733 573 singuli
1754 531 1799 563 in

263 592 568 639 disciplinarum
593 592 828 626 commodum
861 597 901 626 et
939 598 1216 638 augmentum,
1243 606 1320 629 non
1346 594 1535 641 subinde,
1564 596 1634 629 sed
1662 598 1797 642 quovis

248 662 347 705 fere
377 659 441 693 die
464 660 757 704 cogitaverint,
786 662 1046 706 scripserint,
1076 663 1277 707 fecerint,
1312 674 1362 697 cx
1393 674 1485 697 cero
1519 667 1711 698 enarrent
1754 674 1800 697 ac

262 727 489 774 depingant.

311 793 446 828 Verbis
471 792 533 827 his
559 794 656 826 meis
677 792 805 835 fidem
827 799 875 828 ut
903 793 1047 830 habeas
1081 797 1251 844 inspice,
1279 809 1447 845 precor,
1483 801 1678 842 istorum,
1702 810 1796 846 quos

259 872 363 895 nunc
393 859 484 902 edo,
512 857 815 893 Fasciculorum
828 862 1009 906 priorem
1025 873 1041 903 ,·
1063 864 1107 895 in
1130 874 1205 910 quo
1230 862 1460 908 IIugenium
1480 864 1652 907 videbis,
1689 864 1801 899 Leib-

261 929 433 969 nitium,
490 922 842 974 stIarchionemque
891 927 1188 976 Hospitalium‚
1241 933 1449 967 amicitiae
1496 932 1796 979 studiorumque

259 993 554 1028 necessitudine
594 991 849 1036 conjunctos,
890 999 933 1029 et
967 995 1013 1030 de
1045 999 1301 1042 gravissimis
1338 1000 1382 1032 in
1415 998 1663 1042 Geometria,
1699 999 1796 1035 Arte

259 1060 474 1107 Analgytica
493 1087 502 1104 ‚
549 1068 589 1097 et
631 1058 891 1110 Philosophia
923 1061 1039 1097 rebus
1071 1063 1357 1112 colloquentes,
1402 1065 1678 1112 disputantes,
1715 1064 1795 1100 ali-

256 1129 413 1176 quando
441 1132 590 1174 etiam,
628 1137 698 1175 at,
736 1136 783 1165 ut
808 1129 910 1164 tales
939 1132 1049 1164 viros
1079 1130 1210 1168 decet.
1248 1144 1458 1180 numquam
1491 1145 1568 1168 non
1595 1132 1792 1168 humanis-

254 1198 350 1230 sime
381 1199 491 1230 inter
528 1209 570 1232 se
603 1197 860 1232 altercantes.
912 1197 1132 1243 Egregium
1163 1211 1259 1234 sane
1301 1199 1413 1235 nobis
1450 1201 1649 1249 offerunt,
1694 1212 1792 1247 quas

249 1275 329 1310 per
363 1263 672 1310 quadriennium
712 1269 1006 1298 commutarunt
1044 1264 1266 1301 Triumviri
1303 1266 1346 1302 hi
1389 1267 1655 1310 celeberrimi,
1693 1270 1793 1314 epis-

253 1329 359 1364 tolae
405 1331 669 1377 spectaculum
681 1343 697 1373 ,·
742 1333 786 1365 in
829 1342 903 1378 quo
949 1330 1161 1377 Hugenius
1206 1335 1406 1376 occurrit,
1453 1336 1630 1380 quamvis
1660 1339 1793 1368 aetate

244 1400 496 1445 provectior,
525 1410 603 1432 non
638 1400 787 1433 minori
819 1403 948 1433 tamen
981 1398 1046 1433 vel
1077 1398 1294 1434 alacritate
1334 1400 1399 1434 vel
1425 1400 1636 1446 felicitate
1677 1412 1788 1447 quam

244 1467 436 1511 juniores
487 1466 714 1502 Leibnitius
755 1472 795 1502 et
838 1466 1116 1515 Hos-pitulius,
1163 1467 1393 1516 difficillima
1432 1480 1606 1515 quaeque
1636 1466 1792 1514 proble-

254 1538 362 1567 mata
399 1535 660 1579 aggrediens,·
693 1534 918 1569 Leibnitius
966 1547 1059 1570 vero
1104 1540 1144 1570 et
1179 1534 1458 1582 IIospitalius,
1503 1536 1708 1569 noi-issimi
1751 1540 1789 1569 et

251 1599 448 1634 brevioris
479 1601 629 1635 calculi
662 1604 894 1649 praeceptis
930 1601 1098 1644 imbuti,
1135 1601 1388 1647 Hugenium,
1428 1613 1537 1649 quem
1579 1613 1790 1648 numquam

248 1678 325 1701 non
365 1666 636 1701 venerabundi
673 1669 925 1714 suspiciunt,
976 1667 1154 1716 quotidie
1183 1670 1426 1711 excitantes,
1462 1673 1508 1702 ut
1530 1667 1786 1713 gravioribus

250 1746 400 1781 semper
435 1734 629 1782 ponendis
673 1734 971 1782 quaestionibus
1008 1738 1112 1783 ipsos
1159 1735 1375 1779 sollicitet,
1424 1748 1633 1784 eorumque
1682 1738 1788 1770 vires

250 1806 445 1838 exerceat.
499 1801 749 1849 D1‘sputandi
779 1793 911 1838 autem
933 1808 1170 1849 argumenta
1189 1803 1383 1849 ejusmodi
1405 1803 1640 1851 plerumque
1665 1808 1786 1845 sunt,

246 1875 295 1905 ut
323 1869 641 1917 Disciplinarum
666 1869 878 1906 Historiae
891 1871 1115 1919 plurimum
1135 1873 1357 1917 conferant.
1406 1870 1509 1907 Nam
1524 1896 1534 1914 ,
1557 1870 1716 1918 reliqua
1740 1876 1786 1905 ut

247 1943 417 1980 taceam,
464 1938 637 1982 Calculi,
678 1950 788 1986 quem
825 1944 986 1983 vocant,
1027 1939 1331 1988 Differentialae's
1365 1944 1405 1975 et
1437 1938 1663 1985 Integralis
1701 1941 1785 1973 nisi

245 2007 438 2050 originem
453 2031 462 2048 ‚
496 2011 540 2040 at
554 2008 693 2053 prima
721 2012 828 2042 certe
853 2009 1099 2043 incrementa
1124 2007 1188 2042 hic
1216 2006 1515 2054 contemplanda
1538 2008 1785 2041 invenimus:

246 2072 361 2117 cujus
396 2074 649 2120 computandi
684 2077 793 2111 artis
827 2075 932 2111 talia
958 2080 1245 2124 proponuntur
1284 2074 1483 2122 exempla,
1520 2073 1658 2122 qualia
1688 2072 1786 2108 alibi

233 2137 402 2183 frustra
422 2152 637 2186 quaereres
652 2167 661 2185 ,
686 2154 729 2177 eo
746 2145 930 2190 inprimis
950 2145 1104 2178 nomine
1114 2142 1353 2178 excellentia
1370 2167 1379 2185 ,
1405 2141 1511 2189 quod
1528 2153 1605 2176 non
1627 2145 1782 2176 tantum

246 2206 456 2242 ostendant
473 2233 482 2251 ,
510 2209 609 2255 que’d
639 2208 889 2254 Leibnitius,
917 2210 1199 2258 Hospitalius‚
1239 2209 1491 2252 Duillerius‚
1535 2210 1619 2243 viri
1648 2211 1691 2242 in
1722 2207 1782 2241 his

243 2271 357 2306 rebus
388 2277 556 2309 maxime
591 2279 831 2320 exercitati,
878 2278 965 2321 ejus
997 2276 1155 2313 aua-ilio
1182 2279 1394 2325 potuerint
1433 2280 1650 2321 praestare
1671 2297 1680 2314 ν
1712 2272 1783 2306 sed
