2051 2648
1067 155 1223 200 (138)

381 264 494 301 saepe
536 263 648 287 usum
682 258 720 286 te
760 250 923 286 adverto
949 251 991 285 in
1019 250 1212 296 ejusmodi
1241 251 1488 296 quadraturis
1529 254 1761 298 formandis,
1806 254 1910 290 unde

384 320 635 366 aequationes
659 330 865 354 curvarum
891 319 1086 362 oriantur,
1122 329 1221 364 quae
1246 319 1377 364 paucis
1405 320 1581 354 terminis
1608 328 1783 356 constent
1804 334 1812 365 3
1837 322 1911 356 nisi

379 387 509 423 forsan
532 386 689 423 aliunde
705 412 715 430 ,
738 392 781 421 ut
805 387 848 421 fit
863 411 873 429 ,
896 386 1152 432 quadraturas
1176 386 1270 422 istas
1295 399 1463 423 erueras.
1515 387 1613 423 Nam
1636 390 1824 424 contraria
1847 390 1912 426 via

381 465 430 490 ex
456 454 684 501 aequatione
709 454 758 490 ad
783 454 1060 501 quadraturam
1078 465 1239 500 pergere
1256 480 1265 496 ,
1294 455 1367 490 etsi
1386 466 1679 501 nonnumquam
1693 456 1910 502 contingat,

379 522 449 558 vix
468 522 510 558 id
545 523 586 558 in
625 523 702 558 tuis
728 523 803 557 illis
837 522 994 558 concedi
1040 522 1291 565 crediderim,
1329 535 1402 561 nee
1436 523 1736 558 Tschirnhausio
1778 533 1817 558 se
1853 524 1914 559 hic

377 591 545 636 J'actanti
570 590 687 625 fidem
724 592 858 627 habeo.
911 591 1059 626 Evenit
1093 591 1252 637 quidem
1288 592 1412 635 mihi,
1453 598 1494 626 ut
1526 602 1611 625 cum
1644 592 1912 637 aequationem

380 669 521 694 curvae
555 659 636 694 150.
677 658 845 704 exempli
881 658 939 692 tui
966 658 1106 694 celebri
1146 666 1361 703 geometrae
1396 658 1697 706 proposuissem,
1731 659 1796 693 ille
1824 670 1916 704 qua-

381 724 578 760 draturam
593 726 677 771 ejus
692 750 701 768 ‚
728 725 852 770 qualis
872 732 937 759 tua
955 731 1034 768 est,
1060 726 1279 768 invenerit,
1306 737 1391 761 cum
1417 732 1456 760 et
1480 736 1547 771 ego
1563 736 1688 759 meam
1710 725 1913 767 haberem,

383 789 449 826 sed
482 791 654 837 suspicor
672 803 695 826 a
721 791 948 838 posteriori,
977 803 1024 825 ex
1054 792 1220 827 collectis
1246 799 1314 827 tuo
1349 793 1461 828 modo
1493 792 1682 837 exemplis
1703 817 1713 834 ,
1753 791 1793 826 id
1827 803 1917 828 eum

383 858 636 906 praestitisse.
691 858 934 905 Quamquam
972 864 1103 893 autem
1154 859 1378 895 innumeras
1416 870 1553 895 curvas
1588 858 1831 904 quadrabiles
1861 859 1918 894 ita

382 927 563 962 invenire
586 926 726 968 liceat,
754 938 832 960 non
856 925 948 961 inde
979 926 1154 972 sequitur
1184 927 1303 962 talem
1332 927 1609 973 quadraturam
1651 925 1745 961 effici
1783 937 1917 972 posse,

384 994 446 1029 cui
479 1004 598 1029 curva
627 992 842 1039 quaedam,
878 1004 994 1040 quam
1033 993 1104 1028 tibi
1145 994 1411 1040 quadrandam
1456 994 1660 1041 proponiS,
1699 993 1917 1029 conveniat.

383 1062 444 1097 Ac
480 1060 643 1107 proinde
675 1072 754 1095 non
784 1060 900 1096 video
920 1086 929 1103 ‚
958 1073 1033 1107 quo
1060 1068 1170 1107 pacto
1191 1073 1277 1108 pag.
1304 1064 1347 1103 9,
1376 1073 1425 1096 ex
1457 1062 1644 1096 solutione
1671 1061 1920 1107 problematis

384 1129 443 1163 tui
471 1140 493 1162 a
531 1127 753 1173 posteriori,
804 1127 1006 1161 concludas
1049 1129 1222 1162 omnium
1263 1139 1467 1163 curvarum
1498 1128 1754 1173 quadraturas
1786 1128 1920 1163 haberi

384 1206 508 1245 posse.
560 1193 657 1229 Nam
683 1202 744 1227 eX.
765 1204 820 1237 gr.
853 1205 940 1227 cum
962 1195 1140 1237 aequatio
1173 1194 1304 1228 circuli
1338 1195 1388 1227 sit
1428 1195 1823 1239 Qay—qsyzscx‚
1871 1205 1920 1229 an

386 1268 503 1312 putas
530 1259 811 1307 quadraturam
846 1258 964 1293 talem
996 1257 1168 1304 aliquam
1207 1258 1414 1303 excogitari
1445 1268 1554 1304 posse
1590 1268 1676 1303 pag.
1702 1260 1754 1295 6³.
1784 1260 1846 1294 vel
1869 1263 1922 1296 δᾶ.

400 1458 492 1497 ipsius
513 1458 598 1485 verba
623 1455 738 1493 legenda
764 1455 795 1482 in
825 1454 910 1482 Libro
932 1454 1052 1482 Advers.
1085 1453 1121 1482 H.
1143 1464 1171 1491 p.
1200 1454 1268 1487 14.)
1301 1452 1358 1480 ΑΒ
1381 1453 1453 1489 (fig.
1477 1453 1536 1488 41)
1561 1454 1605 1479 est
1624 1461 1731 1488 curva3
1758 1452 1810 1479 AC
1829 1456 1908 1481 recta

400 1523 436 1550 ad
461 1530 544 1557 quain
576 1519 706 1547 normalis
734 1517 872 1556 applicata
906 1516 929 1544 B
944 1516 987 1553 C;
1021 1519 1108 1554 atque
1132 1517 1283 1555 productae
1309 1516 1427 1544 occurrit·
1456 1515 1586 1542 normalis
1605 1524 1705 1543 curvae
1727 1513 1749 1541 B
1764 1514 1790 1542 D
1817 1516 1844 1543 in
1868 1515 1907 1543 D.

401 1583 462 1612 Jam
484 1582 682 1615 subnormalis,
709 1590 794 1617 quarn
817 1581 880 1608 dico
913 1579 934 1608 C
949 1580 995 1614 D,
1018 1581 1143 1616 aequalis
1174 1581 1318 1607 statuatur
1351 1578 1427 1613 CF,
1460 1578 1547 1606 eidem
1568 1577 1624 1606 AC
1649 1577 1906 1615 perpendicularis,

401 1647 483 1683 idque
506 1645 548 1673 sic
581 1645 687 1680 ubique
720 1643 781 1670 fieri
814 1643 1004 1680 intelligatur,
1050 1644 1079 1669 et
1100 1651 1163 1670 esse
1187 1651 1303 1669 curvam
1327 1641 1387 1668 ΒΕ
1409 1641 1444 1667 ad
1468 1649 1551 1676 quam
1573 1650 1668 1668 omnes
1690 1641 1759 1668 isiae
1788 1642 1909 1670 subnot·-

402 1710 486 1738 males
509 1709 617 1736 erectae
637 1706 832 1734 terminantur.
874 1705 937 1733 Jam
959 1706 1082 1744 spatium
1111 1704 1236 1732 AEFC
1264 1706 1317 1732 erit
1339 1704 1451 1741 aequale
1474 1704 1583 1731 dimidio
1603 1704 1737 1740 quadrato
1759 1703 1822 1732 BC.

441 1771 487 1799 Sit
513 1770 663 1800 Aczs
677 1792 684 1805 ,
712 1768 733 1796 C
747 1768 855 1806 B=y
869 1789 876 1802 ‚
897 1768 1054 1798 CDzz.
1096 1768 1139 1796 Ex
1163 1770 1266 1806 puncto
1295 1767 1321 1795 li
1345 1769 1467 1806 proximo
1495 1766 1518 1794 B
1542 1767 1623 1795 cadat
1644 1766 1705 1794 HG
1726 1767 1858 1806 perpend.
1883 1769 1908 1795 in

404 1834 460 1863 Ac
481 1837 510 1862 et
529 1834 649 1861 (lucatur
668 1831 733 1859 ΗΚ
752 1832 880 1869 parallelo.
905 1831 972 1862 AC.
1013 1831 1075 1860 Janl
1096 1832 1119 1859 G
1133 1831 1155 1859 C
1181 1831 1365 1860 differentiola
1385 1830 1443 1861 τῶν
1466 1843 1488 1862 ,τ
1511 1832 1555 1860 est
1577 1839 1595 1858 κ
1609 1851 1617 1863 ,
1648 1832 1676 1857 et
1697 1829 1758 1857 ΒΚ
1779 1829 1909 1859 differen-

405 1898 472 1926 tiela
491 1896 549 1926 τῶν
578 1907 597 1934 y
620 1897 664 1923 est
685 1900 716 1924 λ.
765 1894 803 1922 Et
830 1896 894 1932 quia
924 1895 1061 1932 triangula
1088 1895 1188 1923 similia
1222 1897 1291 1923 sunt
1320 1894 1346 1922 H
1359 1894 1438 1931 KB,
1473 1895 1495 1923 Β
1509 1893 1567 1922 CD
1589 1893 1659 1925 erit,
1680 1895 1711 1920 ut,
1743 1893 1765 1920 B
1779 1892 1800 1921 C
1833 1903 1853 1930 y
1874 1893 1908 1920 ad

405 1960 426 1988 C
440 1960 466 1989 D
481 1970 516 1995 z,
548 1959 587 1986 ita
618 1957 643 1985 H
655 1956 683 1984 K
719 1970 736 1987 κ
769 1958 805 1984 ad
827 1957 888 1985 KB
911 1962 931 1986 λ
946 1980 953 1993 ,
977 1958 1049 1986 unde
1072 1969 1092 1995 y
1107 1963 1125 1986 λ
1149 1968 1223 1987 :z
1237 1967 1264 1985 κ.
1315 1957 1353 1984 Et
1378 1967 1486 1986 summa
1514 1958 1634 1986 omnium
1653 1961 1705 1995 yn
1719 1966 1765 1985 z:
1787 1965 1909 1983 summae

406 2024 527 2052 omnium
549 2031 565 2048 z
577 2029 595 2048 κ
610 2043 616 2055 ,
656 2020 706 2048 hoc
725 2021 769 2047 est
796 2022 923 2056 {quadiu
940 2020 962 2048 B
976 2020 998 2049 C
1010 2032 1056 2051 Ξ
1071 2022 1143 2059 spat.
1158 2021 1182 2049 A
1195 2020 1253 2048 EF
1267 2020 1300 2048 C.
1341 2020 1393 2048 Est
1412 2023 1484 2050 enim
1502 2033 1522 2059 y
1534 2025 1552 2050 λ
1568 2019 1762 2057 reeiangulum
1779 2019 1910 2055 exiguum

405 2086 427 2114 L
440 2085 467 2113 N
478 2106 486 2118 ‚
511 2084 586 2112 facta
611 2082 671 2110 LM
685 2093 731 2112 z:
745 2082 767 2110 L
779 2083 802 2110 A
816 2083 894 2112 :B
905 2084 926 2111 C
938 2095 984 2113 Ξ
996 2095 1016 2121 y
1031 2107 1038 2120 ‚
1062 2094 1125 2112 nam
1147 2083 1176 2111 M
1187 2083 1213 2111 N
1225 2083 1303 2113 :B
1318 2084 1344 2110 l(
1358 2095 1404 2113 z
1417 2090 1447 2113 λ.
1490 2084 1616 2119 Itemque
1651 2092 1691 2110 zu
1727 2084 1771 2110 est
1801 2084 1910 2110 rectan-

407 2149 503 2187 gulum
534 2156 582 2174 seu
614 2146 763 2185 spatiolum
797 2146 822 2173 G
835 2145 874 2179 F,
920 2148 1004 2183 atque
1031 2147 1070 2174 ita
1102 2147 1213 2185 singula
1245 2147 1408 2184 rectangula
1440 2147 1541 2185 exigua
1580 2147 1606 2173 in
1640 2145 1778 2183 triangulo
1812 2144 1873 2173 ML
1886 2144 1910 2171 Α

407 2210 534 2247 aequalia
565 2209 728 2247 respectivis
754 2209 879 2248 spatiolis
903 2219 953 2238 seu
978 2210 1146 2247 roctangulis
1173 2210 1198 2238 iu
1223 2211 1314 2248 spatio
1335 2209 1394 2238 ΑΕ
1408 2209 1482 2244 FC,
1502 2210 1575 2238 uude
1597 2211 1625 2238 et
1646 2217 1756 2237 summa
1776 2216 1909 2236 summae.
