2051 2648
788 188 942 236 (141)

180 287 410 323 Examinavi
425 299 532 333 porro
556 288 706 334 reliqua
719 287 848 322 omnia
861 285 1037 331 exempla
1059 292 1126 321 tua
1146 297 1230 332 pag.
1249 288 1273 321 6
1285 310 1294 328 ‚
1310 291 1427 331 atque
1446 284 1597 321 adverti
1611 286 1651 320 in

128 353 360 398 quibusdam
380 365 456 388 non
470 353 676 389 admodum
692 354 881 389 difficilem
905 364 987 388 esse
1009 364 1223 399 regressum
1237 380 1246 396 ‚
1271 360 1314 388 ut
1337 363 1474 398 nempe
1490 363 1538 388 ex
1556 351 1647 388 data

126 420 356 465 aequatione
397 431 536 456 curvae
567 421 781 466 reperiatur
806 420 1042 466 quadratura
1074 422 1184 466 ejus,
1227 421 1454 467 praesertim
1493 421 1525 455 si
1554 432 1652 455 com·

128 486 267 531 pendio
291 486 456 533 quodam
481 493 651 532 utamur,
686 488 785 534 quod
813 488 884 523 tibi
903 499 979 522 non
998 489 1170 533 ignotum
1198 498 1279 522 esse
1307 488 1497 526 existimo,
1530 487 1646 523 Vale!

246 622 287 654 15
314 619 426 655 Febr.
458 621 562 655 1692.

881 755 916 788 3.

244 883 333 918 Viro
363 884 600 919 nobilissimo
639 891 754 930 atque
788 886 1050 921 eruditissimo
1086 887 1302 924 Christiano
1333 887 1530 933 Huigenio

543 952 742 988 Hubertus
780 953 1026 999 Huighenius
1051 954 1089 991 S.
1114 956 1154 992 P.
1188 956 1236 991 D.

170 1084 375 1130 Imperitia
404 1092 443 1120 et
473 1085 552 1120 lata
590 1086 702 1132 culpa
741 1087 931 1123 tabellarii
959 1087 1007 1123 ad
1038 1088 1152 1123 aedes
1181 1087 1348 1131 domini,
1378 1088 1487 1133 cujus
1515 1097 1651 1132 cogno-

120 1162 208 1184 men
251 1150 459 1197 (Hubert)
499 1152 594 1186 mihi
634 1163 869 1197 praenomen
913 1159 994 1194 est,
1032 1164 1199 1194 venere,
1248 1159 1287 1187 et
1340 1154 1536 1198 neglectae
1586 1153 1651 1188 diu

111 1217 317 1261 jacuerunt
335 1217 470 1250 literae
495 1223 605 1257 tuae,
631 1229 729 1261 quae
761 1219 803 1250 in
826 1220 1035 1252 Persarum
1058 1219 1169 1263 Regis
1193 1218 1303 1253 Darii
1322 1220 1483 1261 scrinio,
1515 1221 1547 1254 si
1570 1223 1650 1266 ejus

118 1283 215 1317 mihi
238 1282 345 1327 copia
369 1280 482 1324 foret,
515 1281 617 1327 apud
647 1293 708 1316 me
745 1289 1008 1318 servarentur.

167 1348 329 1384 Causam
367 1347 505 1389 audiS‚
543 1358 660 1393 quare
690 1348 798 1394 prius
835 1361 908 1383 non
937 1351 1117 1396 respondi
1129 1363 1139 1393 ;
1185 1351 1330 1386 nullam
1373 1363 1526 1397 prorsus
1550 1354 1649 1390 mihi

117 1427 224 1462 spem
258 1415 446 1460 reliquam
478 1414 734 1460 perveniendi
760 1416 809 1450 ad
837 1427 991 1462 scopum
1008 1443 1018 1460 ‚
1050 1418 1160 1463 cujus
1192 1417 1393 1453 obtinendi
1420 1420 1543 1464 gratia
1561 1431 1652 1467 par—

117 1492 191 1517 vus
214 1481 278 1517 ille
308 1481 458 1516 libellus
495 1493 517 1516 a
546 1494 606 1516 me
635 1483 798 1528 scriptus
825 1490 908 1525 est,
942 1494 991 1518 ex
1017 1484 1140 1519 literis
1182 1485 1259 1519 tuis
1291 1485 1477 1531 intelligo.

164 1550 222 1584 De
248 1548 487 1595 praestantia
520 1549 729 1584 methodus
752 1556 841 1585 tuae
859 1576 868 1594 ,
900 1551 1078 1596 quamvis
1117 1551 1213 1586 mihi
1238 1552 1456 1598 incognitae
1472 1579 1481 1596 ,
1516 1561 1646 1590 tamen

116 1627 164 1651 ex
190 1616 261 1657 iis,
301 1627 396 1661 quae
438 1615 485 1651 ad
521 1627 582 1651 me
609 1617 816 1661 scripsisti,
849 1615 1026 1652 dubitare
1059 1629 1135 1653 non
1162 1629 1329 1671 possum.
1391 1621 1529 1656 Utrum
1555 1633 1647 1657 vero

115 1683 249 1719 eadem
272 1683 344 1722 sit,
368 1693 444 1727 qua
472 1693 539 1728 ego
562 1689 668 1725 utor,
690 1694 766 1718 non
795 1694 951 1729 possum
978 1683 1189 1729 affirmare3
1222 1696 1311 1720 nam
1341 1685 1515 1722 Barrovii
1537 1689 1646 1724 theo-

114 1761 220 1785 rema
248 1749 487 1793 incognitum
502 1774 513 1792 ,
548 1760 687 1784 nomen
718 1750 939 1786 inauditum
959 1751 1056 1787 mihi
1073 1757 1147 1795 est3
1176 1752 1404 1798 nullumque
1423 1754 1646 1801 authorem,

114 1824 265 1863 practer
303 1816 556 1852 clarissimum
598 1818 833 1861 Wallisium‚
878 1819 988 1865 cujus
1025 1819 1250 1855 methodum
1292 1821 1480 1866 probandi
1513 1833 1646 1869 capere

112 1895 189 1919 non
220 1895 372 1930 possum
389 1909 398 1926 ,
433 1884 480 1919 de
509 1885 576 1920 illa
598 1887 761 1921 materia
788 1886 877 1932 legi.

161 1951 348 1985 Dubitare
374 1951 470 1986 mihi
498 1951 642 1986 videris
663 1964 712 1987 an
737 1963 785 1987 ex
810 1952 1054 1998 quadraturis
1080 1951 1129 1987 ad
1152 1952 1404 1998 aequationes
1434 1966 1640 1991 curvarum

114 2017 300 2052 linearum
318 2041 327 2059 ,
355 2016 404 2052 ad
427 2028 522 2063 quas
542 2018 630 2054 illae
657 2019 877 2065 pertinent,
904 2018 1177 2065 pervenerim,
1209 2018 1271 2053 vel
1296 2018 1453 2054 aliunde
1469 2044 1479 2061 ‚
1508 2025 1549 2054 ut
1575 2021 1641 2064 fit,

111 2084 195 2118 illas
217 2084 405 2119 eruerim:
433 2084 465 2119 si
490 2085 588 2119 mihi
607 2085 751 2121 occasio
769 2085 947 2128 daretur,
976 2096 1130 2121 omnem
1160 2085 1230 2121 tibi
1251 2096 1404 2120 causam
1430 2085 1636 2123 dubitandi

112 2149 261 2185 auferre
288 2161 450 2196 possem.

158 2216 273 2253 Nulla
301 2217 398 2254 mihi
429 2218 627 2256 industria
659 2231 755 2267 opus
788 2221 864 2257 fuit
890 2222 933 2257 in
962 2220 1175 2256 formandis
1218 2218 1490 2266 quadraturis,
1536 2222 1638 2257 unde

993 2288 1018 2322 S
1045 2290 1067 2321 3
