2051 2648
1069 153 1219 200 (ιω)

392 253 503 290 Pater
529 263 639 288 meus
662 277 671 294 ‚
711 252 777 298 qui
804 252 908 286 urbis
936 251 1137 295 Verensis‚
1169 252 1280 297 cujus
1319 262 1388 298 ego
1415 262 1516 288 nunc
1548 254 1750 296 scabinus,
1786 254 1877 290 olim

341 321 581 355 concionator
620 319 720 362 fuit,
763 325 914 366 patrem
950 318 1086 354 habuit
1125 319 1229 354 urbis
1260 318 1452 354 Tholenae
1504 319 1723 362 consulem,
1768 322 1876 366 cujus

341 398 435 421 avus
467 387 569 421 inter
599 386 860 422 Brabantinae
898 386 1119 422 Provintiae
1149 386 1297 421 nobiles
1322 391 1567 427 numeratus,
1594 387 1875 432 peregrinando

340 453 417 489 fere
456 453 681 499 peregrinus
716 453 757 487 in
790 453 917 499 patria
954 463 1022 488 sua
1057 452 1204 495 factm,
1240 452 1363 488 filium
1403 453 1587 500 reliquit,
1621 453 1688 499 qui
1724 459 1874 489 nostrae

341 520 510 556 familiae
535 520 683 566 primus
710 519 931 566 provinciae
957 519 1163 555 Zelandiae
1188 520 1311 555 incola
1339 520 1427 556 fuit.

393 590 517 632 Quare
545 588 702 622 nomina
725 593 855 622 nostra
881 587 1138 630 conveniant,
1169 599 1255 622 cum
1294 586 1448 623 diversa
1472 598 1667 622 armorum
1707 587 1875 633 insignia

338 667 415 690 non
446 655 609 690 eandem
647 654 756 689 nobis
788 664 872 689 esse
905 653 1093 689 familiam
1134 654 1366 698 ostendant,
1406 656 1596 690 rationem
1634 655 1780 690 nullam
1806 666 1873 700 ego

335 721 495 756 reddere
526 733 693 767 possum.

385 788 613 835 Propediem
645 788 740 823 mihi
768 788 843 822 iter
857 794 916 822 est
941 789 982 822 in
997 788 1274 833 Hollandiam;
1302 788 1593 834 permissionem
1614 794 1652 823 te
1676 787 1870 823 salutandi

336 856 498 901 rogabo,
526 861 564 891 et
590 855 693 890 inter
718 854 895 889 fortunae
923 854 1106 890 beneficia
1123 855 1358 897 numerabo,
1388 855 1419 889 si
1442 865 1627 901 praesens
1652 855 1744 898 tibi,
1769 855 1868 901 quod

329 925 413 970 jam
438 924 542 958 hisce
572 923 698 957 literis
729 922 853 965 facio,
893 922 1018 958 dicere
1048 923 1218 969 possim,
1261 929 1498 969 quantopere
1523 934 1584 957 me
1621 922 1689 957 tibi
1734 921 1870 957 devin-

336 997 439 1025 ctum
461 1001 622 1035 agnosco
637 1015 646 1033 ‚
676 989 777 1036 quod
802 989 864 1025 vir
884 990 984 1025 tanti
1011 990 1178 1025 nominis
1203 996 1241 1024 et
1276 989 1504 1025 eruditionis
1545 988 1593 1023 ad
1617 1000 1678 1024 me
1703 988 1867 1024 scribere

335 1057 515 1102 dignatus
542 1057 603 1091 sit.
659 1057 761 1092 Vale.

504 1188 653 1222 Dabam
690 1186 809 1220 Verae
842 1189 864 1219 3
892 1187 1023 1219 Martii
1053 1189 1158 1220 1692.

382 1321 654 1370 Appendicula
693 1326 782 1361 tua,
816 1325 1021 1366 postquam
1060 1319 1128 1354 has
1151 1319 1283 1354 literas
1311 1319 1535 1365 scripseram
1553 1344 1562 1362 ‚
1588 1319 1743 1354 reddita
1770 1322 1864 1357 mihi

333 1399 404 1428 est.
454 1389 620 1426 Mutatio
643 1388 685 1422 in
713 1388 780 1423 illa
814 1387 959 1422 nullam
999 1398 1151 1423 causam
1177 1387 1324 1433 aliquid
1350 1387 1529 1423 mutandi
1552 1387 1593 1422 in
1618 1387 1740 1424 literis
1768 1390 1864 1424 meis

332 1459 518 1507 praebet,
546 1457 620 1492 nisi
643 1456 683 1490 in
708 1456 782 1498 iis,
825 1465 923 1501 quae
961 1455 1095 1501 scripsi
1128 1455 1175 1490 de
1203 1454 1442 1491 invenienda
1476 1455 1720 1502 proportione
1761 1458 1863 1491 inter

334 1527 517 1564 circulum
545 1531 583 1560 et
605 1523 880 1571 hyperbolem,
911 1534 1007 1568 quae
1038 1535 1107 1570 pro
1133 1536 1211 1560 non
1240 1523 1392 1570 scriptis
1420 1523 1553 1560 haberi
1579 1529 1680 1569 peto.

1729 2260 1857 2306 §xv
