2051 2648
813 141 940 188 (93)

132 250 206 274 non
231 244 432 285 appareret
454 237 587 273 relatio
602 235 650 272 ad
663 249 691 271 ,τ
703 242 741 271 et
766 249 792 283 y
808 262 817 280 ‚
839 248 936 283 quae
951 242 1082 272 tamen
1098 236 1196 282 ipsis
1223 235 1324 270 notis
1342 245 1523 282 expressa
1536 236 1654 287 pluri-

132 316 236 340 mum
255 306 394 351 juvat,
423 303 656 349 modumque
682 302 789 338 dedit
807 304 901 339 mihi
921 314 1056 339 curvas
1072 302 1388 338 transcendentes
1410 303 1653 349 exprimendi

127 382 201 417 per
225 371 472 416 aequationes
498 370 647 412 finitaS,
674 380 749 403 non
773 369 866 405 alias
892 368 1110 404 adhibendo
1128 368 1348 404 indefinitas
1373 380 1487 415 quam
1511 380 1539 404 x
1567 375 1605 404 et
1628 381 1654 415 y

132 444 171 473 et
190 438 325 472 harum
350 437 567 471 affectiones
583 461 592 478 ‚
614 436 717 470 inter
742 447 836 482 quas
864 447 941 470 non
967 442 1119 470 tantum
1136 436 1328 482 potentias
1354 442 1421 472 aut
1453 436 1540 483 (his
1556 437 1654 470 reci-

130 505 254 550 procis
270 503 282 544 )
298 503 445 539 radices
460 527 470 546 ‚
491 509 532 538 ut
554 508 623 544 502,
641 488 724 545 las-v,
753 509 822 539 etc.
850 502 917 537 sed
942 509 981 537 et
1005 502 1240 538 differentias
1266 509 1304 538 et
1329 502 1410 550 (his
1430 503 1656 550 reciprocas)

131 581 301 606 summas
323 570 465 610 refero,
487 571 703 614 harumque
731 576 840 603 notas
869 569 918 604 ad
938 570 1196 615 supplendum
1219 569 1405 604 calculum
1421 580 1656 614 promoven-

132 638 296 682 damque
321 635 369 670 ad
392 635 710 670 transcendentes
731 636 921 680 Analysin
933 635 1088 670 omnino
1101 642 1211 681 aptas
1229 636 1374 682 judico.
1406 636 1457 670 Et
1473 636 1660 681 quemad-

130 702 284 739 modum
308 713 385 736 non
400 702 543 748 optime
562 701 707 736 faceret
723 702 789 748 qui
810 713 878 749 pro
901 707 950 737 ,v2
965 706 1032 745 „25³
1057 711 1129 738 etc.
1142 727 1151 745 ‚
1170 713 1323 749 semper
1335 702 1454 738 vellet
1474 702 1656 739 adhibere

128 771 257 805 literas
289 781 329 812 e,
346 781 367 802 v
383 793 392 811 ‚
419 769 466 803 ad
491 768 719 804 evitandum
750 770 821 804 hoc
845 770 1053 804 notationis
1078 780 1198 815 genus
1217 795 1227 811 ‚
1257 770 1345 804 licet
1367 769 1596 805 admoneret
1618 781 1658 805 se

128 848 197 884 per
219 848 238 870 e
267 843 306 870 et
336 847 358 869 v
393 834 626 881 quadratum
666 843 732 871 aut
764 836 906 871 cubum
938 836 1156 882 intelligere
1177 861 1186 879 ‚
1213 836 1268 871 ita
1290 836 1470 871 similiter
1486 843 1657 882 praestat

129 915 242 950 saepe
278 903 343 938 da:
369 909 435 938 aut
461 902 563 937 dclx
601 903 889 950 (differentiam
905 928 915 946 ‚
952 909 1018 939 aut
1057 903 1316 938 differentiam
1353 902 1660 940 differentiarum

125 971 296 1016 ipsarum
320 970 373 1014 x)
400 969 605 1010 adhibere,
635 980 748 1014 quam
784 981 853 1015 pro
877 970 972 1018 ipsis
1004 971 1060 1004 uti
1083 970 1206 1004 literis
1234 982 1253 1003 e
1279 975 1347 1004 aut
1377 982 1399 1003 v
1426 970 1489 1006 vel
1525 970 1663 1005 simili-

128 1037 212 1074 bus.
248 1036 310 1072 Sic
325 1034 532 1079 cycloidem
556 1035 728 1081 exprimo
753 1047 823 1081 per
854 1037 951 1071 hanc
979 1036 1248 1082 aequationem
1271 1049 1354 1082 y:
1369 1045 1401 1079 ιβ
1418 1037 1658 1085 (2x—xx)

102 1140 105 1145 ‚
127 1113 165 1143 -ι-
179 1105 220 1148 J*
235 1102 249 1150 (
267 1102 295 1136 d
313 1113 361 1137 cc:
377 1107 411 1143 ιβ
427 1104 477 1144 (2
494 1113 523 1135 ,τ
536 1113 649 1136 —xx
663 1101 705 1149 ))
727 1126 736 1144 ,
783 1102 907 1147 posito
942 1102 1094 1137 radium
1130 1101 1261 1136 circuli
1309 1104 1545 1148 generatoris
1579 1115 1661 1139 esse

127 1172 142 1203 l
161 1195 171 1213 ,
211 1176 250 1204 et
273 1181 301 1204 ,τ
322 1178 404 1202 esse
429 1167 636 1202 abscissam
662 1168 705 1202 in
740 1178 810 1202 axe
845 1168 939 1203 inde
964 1179 987 1202 a
1008 1168 1154 1203 vertice
1170 1192 1179 1209 ,
1205 1173 1244 1201 et
1271 1179 1298 1212 y
1332 1179 1414 1203 esse
1438 1168 1656 1206 ordinatam

125 1235 174 1270 ad
186 1245 298 1270 axem
311 1259 320 1276 ,
338 1238 375 1266 et
389 1231 452 1265 dx
469 1242 550 1266 esse
563 1231 803 1266 incrementa
817 1232 1068 1267 abscissarum
1082 1256 1092 1274 ,
1107 1238 1146 1267 et
1164 1232 1317 1280 J'(dar:
1339 1240 1374 1276 ιβ
1387 1234 1402 1281 (
1415 1235 1440 1269 2
1451 1247 1480 1270 a:
1492 1256 1530 1262 —
1541 1237 1623 1282 arx)
1640 1236 1653 1281 )

126 1313 207 1337 esse
243 1309 433 1335 summam
472 1297 644 1333 omnium
676 1297 1092 1346 dae:V(2.z·-:c:c)‚
1126 1309 1193 1335 seu
1221 1300 1506 1346 quantitatem,
1544 1303 1653 1348 cujus

124 1365 391 1402 differentialis
418 1369 476 1399 est
505 1364 554 1399 ad
584 1364 881 1401 differentialem
915 1366 1128 1409 abscissae,
1161 1373 1205 1401 ut
1242 1368 1374 1403 radius
1411 1368 1459 1403 ad
1495 1369 1624 1405 sinum
1646 1395 1655 1411 ‚

127 1446 223 1480 quae
255 1444 406 1468 summa
428 1433 492 1469 vel
515 1433 714 1478 quantitas
745 1444 880 1468 revera
900 1440 959 1468 est
985 1445 1106 1470 arcus.
1160 1435 1212 1470 Et
1243 1434 1333 1469 hinc
1369 1435 1552 1471 facillimo
1578 1437 1655 1472 cal-

127 1501 210 1536 culo
246 1501 330 1535 sine
379 1499 455 1535 ullo
492 1500 633 1546 figurae
674 1506 851 1546 respectu
902 1500 1101 1537 derivatur
1142 1502 1358 1548 proprietas
1412 1503 1657 1549 tangentium

127 1567 306 1613 cycloidis
350 1572 442 1601 nota
456 1592 465 1607 ‚
517 1577 615 1611 quae
661 1574 790 1602 nostro
837 1566 950 1602 modo
993 1578 1174 1613 expressa
1209 1569 1265 1604 ita
1303 1570 1421 1604 habet
1439 1594 1450 1611 ,
1489 1569 1555 1604 dx
1569 1581 1576 1604 :
1591 1570 1655 1616 dy

125 1625 579 1669 Ξιῖ2ω-ωαςεῖτ.
650 1632 888 1679 Caeteraque
924 1634 1053 1668 omnia
1093 1635 1213 1671 circa*
1242 1634 1450 1680 cycloidem
1489 1635 1652 1672 inventa

125 1702 309 1747 pluraque
334 1699 408 1735 alia
435 1699 613 1734 similiter
635 1709 684 1733 ex
706 1699 773 1734 tali
801 1700 941 1735 calculo
969 1699 1158 1744 analytice
1189 1700 1427 1737 derivantur.

173 1768 249 1803 Sed
282 1774 326 1803 ut
359 1773 532 1802 nostrum
568 1766 794 1801 institutum
833 1777 1122 1812 prosequamur.
1175 1767 1413 1803 Producatur
1443 1767 1524 1816 (B)
1546 1771 1610 1817 (G
1636 1769 1650 1815 )

124 1833 218 1870 dum
244 1834 418 1879 tangenti
444 1833 519 1869 TG
555 1832 692 1868 itidem
717 1833 925 1878 productae
961 1841 1134 1869 occurrat
1161 1834 1203 1869 in
1240 1835 1297 1876 E,
1332 1841 1481 1871 constat
1510 1843 1655 1881 puncta

125 1900 216 1949 (G)
254 1906 294 1936 et
331 1901 363 1936 E
398 1901 531 1936 haberi
565 1911 676 1947 posse
714 1911 783 1947 pro
821 1901 1152 1944 coincidenfibus,
1189 1913 1257 1937 seu
1295 1908 1438 1937 rectam
1476 1901 1567 1949 (G)
1592 1905 1646 1944 G,

127 1978 223 2014 quae
243 1968 384 2013 jungat
417 1967 492 2002 duo
521 1979 662 2003 curvae
692 1974 839 2014 puncta
878 1968 1208 2014 inassignabiliter
1242 1968 1448 2013 distantia,
1486 1969 1652 2015 produc-

126 2040 204 2069 tam
229 2044 310 2068 esse
340 2033 466 2080 ipsam
498 2044 638 2068 curvae
670 2040 906 2080 tangentem.
960 2034 1056 2071 Cum
1099 2035 1247 2071 dudum
1282 2035 1330 2069 ab
1358 2034 1442 2069 aliis
1477 2035 1652 2080 explica-

127 2107 209 2134 tum
239 2100 315 2143 sit,
350 2106 518 2144 rectam,
552 2112 649 2147 quae
679 2113 839 2138 curvam
874 2107 1004 2145 secat,
1031 2103 1073 2137 in
1110 2102 1255 2138 duobus
1282 2101 1454 2148 punctiS‚
1491 2102 1653 2138 transire

125 2167 167 2201 in
190 2173 411 2211 tangentem
436 2179 479 2203 eo
505 2179 615 2210 casu,
640 2179 715 2214 quo
740 2168 816 2204 duo
839 2169 1019 2204 sectionis
1053 2175 1199 2215 puncta
1227 2168 1461 2204 coincidunt.
1511 2168 1649 2215 Itaque

1065 2234 1103 2268 Μ
1130 2236 1151 2267 3
