2051 2648
1008 129 1137 173 (34)

304 230 402 275 Ergo
432 227 511 264 ER
535 235 686 273 semper
713 233 866 271 quoque
894 223 1019 270 major
1050 221 1132 258 DC
1156 222 1239 257 sive
1261 221 1340 258 EF
1354 245 1367 265 ,
1392 229 1431 257 et
1457 221 1602 259 idcirco
1628 228 1772 269 puncta
1799 222 1829 257 R

305 303 344 330 et
372 295 404 333 F
428 304 506 329 non
530 296 693 339 possunt
717 290 945 328 coincideffi

351 363 559 407 Postquam
585 360 717 407 itaque
747 358 921 396 vidimus
943 356 1118 406 pondera
1143 356 1322 402 aequalia
1348 354 1575 403 aequalibus
1599 356 1828 392 internodiis

305 430 418 475 ligata
445 437 523 463 non
548 426 716 474 pendere
742 425 956 463 secundum
983 425 1127 460 lineam
1158 423 1417 471 parabolicam
1433 447 1444 466 ‚
1472 432 1702 470 quaeramus
1728 434 1830 459 nunc

306 505 402 540 quae
437 491 746 529 internodiorum
785 492 926 529 debeat
961 491 1012 528 ad
1048 490 1219 528 invicem
1244 500 1328 525 esse
1366 489 1584 537 proportio,
1618 487 1830 525 secundum

306 572 420 608 quam
450 559 623 607 pondera
656 559 833 606 aequalia
871 569 920 595 ex
946 556 1088 595 chorda
1121 557 1284 603 religata
1308 555 1523 593 secundum
1551 555 1697 592 lineam
1722 566 1831 602 para-

306 628 467 664 bolicam
499 625 711 673 pendeant.

354 695 506 740 Propos.
537 694 591 728 4⁸.
641 691 701 729 Sit
721 692 842 737 igitur
864 691 946 740 (fig.
963 689 1028 737 16)
1052 690 1144 726 data
1168 689 1274 726 linea
1296 690 1516 737 parabolica
1540 690 1575 726 A
1596 688 1626 725 B
1641 688 1672 726 C
1686 689 1721 724 D
1734 689 1768 725 E
1781 689 1811 725 F
1825 715 1834 731 ‚

302 760 412 806 cnjus
449 759 532 795 axis
568 757 760 793 horizonti
796 756 1154 803 perpendicularis,
1203 762 1243 793 et
1268 757 1348 792 sint
1381 756 1574 792 nectenda
1607 765 1658 792 ex
1694 755 1835 792 chorda

305 826 434 873 aliqua
469 823 642 872 pondera
675 823 867 871 quotlibet
891 824 1095 871 aequalia,
1121 834 1219 870 quae
1236 847 1248 867 ‚
1274 824 1309 858 si
1347 830 1453 859 certa
1481 824 1631 859 ratione
1670 821 1836 869 quadam

304 892 614 940 suspendantur,
640 897 807 939 puncta,
845 891 888 927 in
913 891 1054 938 quibus
1080 890 1244 927 chordae
1259 889 1437 937 alligatae
1462 897 1578 933 sunt,
1605 890 1736 926 omnia
1758 890 1837 925 sint

304 961 346 996 in
370 959 460 996 data
487 960 592 996 linea
618 958 846 1006 parabolica.

355 1027 529 1063 Ducatur
552 1026 609 1073 ζΖ
625 1051 636 1068 ,
662 1036 762 1071 quae
790 1024 1012 1071 parabolam
1033 1025 1079 1060 in
1103 1024 1253 1061 vertice
1281 1024 1508 1070 contingat,
1534 1022 1700 1069 ideoque
1723 1024 1775 1058 sit
1788 1024 1836 1058 ad

305 1102 418 1131 axem
442 1092 522 1130 GC
547 1091 599 1128 ad
623 1090 781 1137 angulos
795 1096 943 1133 rectos,
967 1096 1008 1126 et
1032 1096 1201 1137 ponatur
1237 1095 1437 1135 utcunque
1466 1090 1496 1125 B
1510 1089 1541 1126 C
1566 1090 1680 1136 eique
1695 1100 1839 1136 aequa-

304 1160 353 1198 lis
373 1159 481 1203 CD,
517 1158 575 1194 ita
607 1162 653 1194 ut
686 1162 832 1203 puncta
867 1156 899 1193 B
924 1161 965 1192 et
990 1156 1028 1192 D
1071 1157 1153 1191 sint
1196 1156 1239 1191 in
1277 1155 1370 1192 data
1405 1156 1588 1203 parabola
1599 1167 1610 1202 3
1639 1155 1839 1192 dividatur

305 1239 419 1276 porro
442 1225 524 1264 CD
545 1223 726 1261 bifariam
748 1222 790 1257 in
825 1223 855 1258 L
882 1229 922 1257 et
946 1223 1131 1269 parallela
1156 1223 1220 1257 axi
1249 1222 1326 1259 Gc
1353 1222 1517 1258 ducatur
1542 1222 1668 1266 QLH
1683 1247 1694 1265 ‚
1739 1234 1837 1268 quae

307 1306 329 1331 a
350 1291 538 1342 producta
559 1290 634 1329 Bc
661 1294 814 1326 secetur
832 1289 877 1324 in
900 1288 963 1326 H:
1000 1289 1068 1325 fiat
1091 1299 1187 1325 vero
1219 1294 1263 1325 ut
1297 1288 1377 1326 CH
1399 1288 1448 1324 ad
1475 1288 1546 1326 CB
1560 1313 1571 1332 ,
1595 1290 1652 1324 ita
1675 1289 1765 1325 HD
1789 1290 1837 1325 ad

305 1361 389 1399 DE
404 1385 416 1404 ,
445 1369 568 1407 eaque
586 1363 755 1406 ponatur
774 1357 818 1392 in
844 1355 1034 1404 producta
1057 1356 1096 1392 H
1110 1355 1158 1391 D.
1211 1355 1246 1391 D
1261 1356 1293 1391 E
1317 1366 1451 1391 rursus
1479 1354 1657 1392 bifariam
1683 1361 1835 1392 secetur
1856 1384 1859 1386 ,

305 1428 400 1465 inM
423 1433 463 1463 et
485 1425 651 1463 ducatur
679 1426 744 1462 axi
768 1425 846 1462 GC
869 1424 1053 1471 parallcla
1077 1424 1106 1460 P
1121 1423 1142 1460 1
1158 1448 1169 1466 ‚
1197 1429 1236 1458 et
1253 1434 1302 1459 ex
1326 1423 1346 1459 1
1361 1448 1373 1466 ,
1399 1424 1466 1460 ubi
1492 1423 1558 1460 illa
1581 1424 1838 1459 intersecatur

307 1508 328 1532 a
350 1492 580 1543 productae
593 1493 630 1530 D
643 1517 654 1538 ‚
675 1492 838 1528 ducatur
861 1502 932 1538 per
955 1492 988 1527 E
1001 1492 1107 1527 linea
1130 1491 1150 1527 I
1163 1491 1195 1527 E
1208 1490 1310 1533 NF,
1331 1496 1372 1526 et
1389 1491 1440 1525 sit
1464 1497 1509 1525 ut
1531 1490 1550 1526 I
1564 1490 1598 1526 D
1623 1490 1670 1525 ad
1685 1490 1720 1525 D
1734 1490 1765 1529 C
1784 1491 1837 1525 sic

307 1565 325 1600 I
339 1564 373 1600 E
385 1561 434 1598 ad
445 1562 478 1597 E
490 1560 535 1598 F.
586 1560 647 1597 Ab
663 1560 786 1596 altera
798 1565 910 1606 parte
928 1557 1014 1594 axis
1036 1557 1216 1594 similiter
1241 1557 1469 1595 inveniatur
1491 1562 1682 1603 punctum
1696 1557 1730 1593 A
1743 1582 1753 1600 ,
1766 1565 1837 1594 etc.

307 1629 371 1666 Sic
398 1629 562 1665 inventa
589 1632 735 1673 puncta
759 1631 874 1663 erunt
904 1625 946 1660 in
989 1623 1083 1661 data
1103 1625 1322 1672 parabolica
1343 1623 1467 1667 linea,
1504 1623 1545 1659 id
1572 1624 1677 1660 enim
1720 1625 1836 1660 simili

306 1694 421 1732 modo
441 1692 596 1743 probari
618 1697 771 1739 potest,
798 1702 876 1738 quo
908 1692 952 1726 in
976 1691 1020 1726 3ει
1049 1702 1159 1739 prop.
1191 1691 1395 1738 probatum
1424 1697 1484 1727 est
1515 1697 1703 1738 punctum
1745 1694 1774 1728 R
1797 1693 1837 1727 in

307 1763 442 1801 eadem
455 1761 560 1797 linea
582 1759 802 1808 parabolica
821 1768 904 1794 esse
926 1758 969 1794 in
985 1769 1062 1805 qua
1085 1764 1233 1805 puncta
1254 1759 1305 1802 C,
1320 1759 1357 1796 D
1370 1784 1381 1802 ‚
1395 1759 1452 1805 E;
1479 1758 1573 1794 haec
1600 1759 1704 1794 enim
1719 1759 1836 1794 simili

305 1829 419 1867 modo
433 1853 446 1872 ,
467 1838 544 1875 quo
559 1826 654 1863 illud
668 1853 678 1870 ‚
710 1827 874 1863 inventa
887 1832 990 1862 sunt.
1037 1826 1080 1862 si
1098 1838 1188 1874 crgo
1200 1838 1270 1873 per
1285 1833 1431 1873 puncta
1451 1826 1486 1863 A
1502 1826 1553 1870 ,Β
1567 1850 1577 1868 ,
1594 1825 1623 1862 C
1636 1850 1647 1867 ,
1662 1825 1698 1861 D
1714 1851 1725 1870 ‚
1740 1828 1772 1863 E
1783 1851 1793 1869 ,
1806 1827 1836 1863 F

308 1896 449 1934 chorda
470 1893 675 1936 tendatur,
702 1899 741 1928 et
763 1893 805 1928 in
828 1901 1060 1938 unoquoque
1079 1892 1218 1928 horum
1240 1898 1472 1939 punctorum
1493 1891 1654 1939 aequale
1687 1892 1835 1939 pondus

308 1970 510 2005 nectatur,
532 1967 572 1997 et
596 1961 689 1996 haec
703 1965 840 1996 catena
865 1968 913 1995 ex
937 1958 1084 1995 duobus
1109 1960 1349 2007 quibuslibet
1373 1959 1584 1996 eorundem
1604 1966 1833 2007 punctorum

307 2033 532 2075 (sumamus
569 2029 599 2064 Α
621 2035 662 2062 ct
682 2026 738 2074 F)
762 2025 1042 2074 suspendatur,
1073 2027 1160 2064 dico
1187 2029 1419 2077 praestitum
1448 2039 1531 2065 esse
1550 2027 1650 2075 quod
1669 2030 1835 2075 postuta-

306 2097 431 2133 batur.
481 2095 606 2131 Situm
626 2093 731 2129 enim
756 2093 861 2130 hunc
873 2094 1120 2140 retinebunt,
1146 2107 1234 2132 cum
1249 2121 1259 2139 ‚
1289 2106 1338 2132 ex
1360 2102 1498 2132 constr.
1517 2121 1526 2138 ,
1549 2095 1639 2131 bina
1663 2106 1836 2142 quaeque

309 2161 547 2204 internodia,
571 2168 666 2207 puta
698 2159 766 2198 Bc
785 2167 825 2197 et
852 2161 958 2204 ΕΙ),
983 2162 1215 2200 intermedio
1243 2164 1376 2201 relicto
1406 2174 1483 2200 uno
1508 2162 1539 2200 C
1556 2163 1616 2206 D,
1644 2173 1685 2198 se
1711 2163 1834 2198 inter-
