2051 2648
1064 96 1245 170 (ms

346 221 395 257 ad
425 221 527 263 YX,
551 222 653 256 sicut
681 220 707 256 S
726 227 752 255 Θ
787 218 835 255 ad
862 219 894 256 Y
916 224 968 264 113
993 225 1109 265 atque
1141 220 1198 256 ita
1228 231 1352 267 porro.
1405 221 1491 256 Erit
1517 223 1677 267 proinde
1702 225 1867 271 spatium

342 289 410 325 SA
437 287 487 322 ad
511 286 641 322 omnia
672 287 797 333 spatia
826 287 913 330 ΓΖ,
941 286 1042 330 YX,
1074 292 1168 329 etc„
1207 287 1249 321 in
1274 288 1496 331 infinitum,
1520 294 1563 322 ut
1591 288 1652 324 ὃΘ
1675 290 1721 325 ad
1737 301 1870 326 omnes

341 360 408 388 ΓΛ
424 378 435 397 ,
460 352 559 397 ΥΠ,
586 359 657 390 etc.
688 365 786 400 quae
808 354 923 390 simul
952 353 1119 390 efficiunt
1142 353 1270 400 ipsam
1291 359 1372 391 ΓΔ.
1411 355 1511 401 Ergo
1537 361 1605 390 etc.

389 420 524 467 Spatia
554 421 716 467 quaevis
753 420 830 456 duo
864 432 887 456 a
924 420 1073 455 duabus
1126 420 1510 466 perpendicularibus
1544 421 1787 468 intercepta,
1827 426 1869 454 ut

342 487 438 531 ΟΕ,
453 487 532 525 GN
546 513 556 532 ‚
580 488 672 536 (fig.
697 487 773 534 66)
791 495 882 523 sunt
907 488 1011 523 inter
1031 498 1071 522 se
1091 487 1190 522 sicut
1208 486 1586 533 perpendicularium
1605 486 1869 527 differentiae,

339 554 412 590 hoc
444 559 504 589 est
526 554 591 590 hic
620 559 665 589 ut
685 553 764 590 CH
785 553 835 589 ad
865 554 952 590 GL.
1004 554 1179 588 Ducatur
1204 553 1308 588 enim
1341 559 1380 588 et
1405 553 1482 589 GK
1505 553 1640 599 parali,
1671 553 1761 588 AB.

388 620 486 665 Quia
519 631 630 666 ergo,
666 631 735 666 per
766 620 967 668 praeced.‚
1001 620 1170 666 spatium
1206 620 1282 657 ΟΕ
1321 626 1379 655 est
1407 619 1455 655 ad
1477 620 1646 666 spatium
1672 619 1867 654 infinitum

338 686 488 728 DEA,
521 692 565 722 ut
603 686 682 723 CH
715 686 762 722 ad
790 687 893 729 ΗΒ,
931 686 1177 733 spatiumque
1220 686 1399 721 similiter
1441 686 1520 723 DF
1545 685 1593 721 ad
1619 685 1787 732 spatium
1806 684 1869 718 in-

341 753 496 804 finitum
531 752 650 788 GFA
689 759 732 787 ut
758 753 842 788 DK
865 752 915 789 ad
939 753 1020 789 ΚΕ
1035 778 1045 796 ,
1085 759 1124 788 et
1156 753 1390 789 invertendo
1428 760 1468 789 et
1497 752 1761 800 componendo
1785 762 1867 798 spa-

342 820 439 854 tium
498 819 696 854 infinitum
744 819 776 855 G
793 820 872 856 FA
916 831 994 855 una
1040 830 1125 854 cum
1165 819 1289 866 spatio
1327 819 1428 861 DF,
1480 819 1550 854 hoc
1592 824 1650 853 est
1699 818 1867 864 spatium

341 885 540 921 infinitum
566 885 695 921 DEA
721 885 770 921 ad
796 886 965 932 spatium
992 886 1072 923 DF
1103 891 1145 920 ut
1182 886 1260 921 DE
1294 885 1376 922 sive
1399 885 1480 921 ΗΒ
1512 885 1560 920 ad
1591 885 1697 927 DK,
1723 885 1797 919 erit
1819 894 1868 918 ex

339 963 464 999 aequo
486 952 655 999 spatium
680 951 756 988 ΟΕ
779 952 828 988 ad
855 952 1024 998 spatium
1053 954 1089 990 D
1113 952 1145 988 F
1176 958 1220 987 ut
1247 951 1277 988 C
1297 951 1337 987 H
1362 951 1411 986 ad
1441 951 1537 988 DK,
1586 950 1729 986 Eodem
1757 950 1870 984 modo

337 1025 465 1054 antem
506 1018 723 1055 ostenditur
756 1019 925 1065 spatium
958 1018 1036 1055 DC
1071 1018 1121 1055 ad
1161 1018 1330 1065 spatium
1366 1017 1449 1053 GN
1485 1023 1528 1052 ut
1568 1016 1651 1051 DK
1688 1014 1734 1050 ad
1778 1014 1867 1050 GL.

344 1084 444 1129 Ergo
469 1096 517 1118 ex
543 1097 665 1130 aequo
698 1085 771 1120 erit
811 1086 979 1130 spatium
1012 1085 1087 1122 ΟΕ
1131 1084 1179 1121 ad
1209 1085 1378 1131 spatium
1409 1083 1489 1120 GN
1523 1088 1565 1118 ut
1599 1082 1681 1120 ΟΠ
1714 1080 1762 1116 ad
1780 1080 1866 1116 GL.

338 1149 449 1193 Quod
478 1155 561 1183 erat
595 1155 666 1181 ost.

388 1215 430 1250 Si
467 1222 624 1249 curvam
648 1210 751 1246 linea
793 1214 898 1246 recta
918 1210 1115 1256 contingat
1142 1215 1182 1245 et
1210 1220 1233 1245 a
1263 1214 1409 1256 puncto
1447 1216 1645 1245 contactus
1680 1211 1722 1244 in
1741 1214 1875 1256 iasym·

343 1285 481 1328 ptoton
521 1275 851 1326 perpendicularis
880 1276 1063 1318 ducatur,
1112 1276 1187 1311 erit
1230 1286 1319 1323 pars
1346 1276 1553 1323 asymptoti
1576 1276 1680 1312 inter
1704 1286 1868 1323 perpen-

342 1346 551 1384 dicularem
590 1350 629 1379 et
662 1349 884 1389 tangentem
930 1344 1168 1391 intercepta,
1217 1342 1344 1379 eidem
1396 1353 1549 1391 semper
1583 1343 1708 1378 lineae
1742 1348 1868 1378 rectae

341 1413 524 1460 aequalis.

391 1479 478 1516 Sint
507 1478 568 1514 hic
599 1483 804 1523 tangentes
830 1476 923 1525 (fig.
951 1474 1030 1523 6⁷)
1059 1476 1163 1518 AE,
1198 1475 1273 1511 BF
1309 1481 1348 1510 et
1379 1487 1402 1510 a
1439 1474 1591 1521 punctis
1623 1474 1746 1517 A,B‚
1783 1486 1867 1520 per-

341 1546 604 1593 pendiculares
625 1545 668 1579 in
702 1548 946 1589 asymptoton
990 1542 1024 1578 A
1040 1543 1092 1585 C,
1140 1544 1168 1578 B
1183 1543 1230 1580 D.
1282 1543 1377 1578 Dico
1409 1549 1538 1589 partes
1561 1541 1654 1581 ΟΕ,
1681 1539 1760 1575 DF
1783 1550 1864 1575 esse

341 1612 533 1658 aequales.
570 1610 639 1647 Vel
661 1610 788 1656 potius
821 1609 897 1652 sic;
931 1608 980 1644 sit
1007 1609 1087 1644 ΑΕ
1113 1615 1275 1655 tangens
1291 1633 1300 1650 ‚
1343 1609 1470 1655 sitque
1492 1608 1567 1654 ipsi
1594 1606 1669 1644 ΟΕ
1694 1606 1864 1652 aequalis

341 1679 444 1722 DF3
485 1677 569 1713 dieo
595 1683 634 1712 et
659 1677 732 1712 FB
759 1680 981 1725 tangentem
1009 1686 1092 1712 esse
1111 1677 1155 1711 in
1177 1677 1218 1712 B.

389 1746 571 1782 Sumatur
595 1744 700 1779 enim
729 1744 771 1778 in
807 1749 912 1778 recta
942 1743 1015 1778 BF
1043 1743 1242 1789 quodlibet
1262 1749 1449 1789 punctum
1486 1747 1638 1788 praeter
1657 1741 1687 1776 B
1703 1764 1712 1782 ‚
1733 1747 1776 1774 ut
1801 1742 1832 1777 O
1847 1767 1856 1785 ,

340 1822 410 1858 per
423 1811 524 1858 quod
547 1810 707 1846 ducatur
719 1810 1047 1857 perpendicularis
1069 1812 1097 1847 P
1110 1810 1181 1854 OQ
1195 1835 1206 1854 ,
1234 1817 1272 1844 et
1288 1816 1414 1845 sumta
1427 1809 1502 1855 ipsi
1520 1809 1556 1844 D
1569 1808 1601 1852 Q
1623 1807 1772 1853 aequali
1791 1808 1820 1844 C
1835 1808 1859 1844 S

339 1880 383 1913 in
406 1878 568 1914 eandem
588 1883 735 1924 partem
752 1903 762 1919 ,
793 1878 962 1924 erigatur
983 1877 1310 1924 perpendicularis
1323 1878 1348 1913 S
1368 1877 1445 1912 HG
1462 1902 1472 1919 ‚
1488 1886 1618 1911 secans
1632 1882 1855 1922 tangentem

340 1944 422 1980 ΑΕ
455 1945 498 1979 in
521 1944 584 1986 H,
627 1955 783 1980 curvam
816 1955 908 1980 vero
936 1945 977 1979 in
1007 1945 1052 1981 G.
1102 1945 1188 1980 Erit
1209 1944 1343 1990 itaque
1365 1943 1436 1979 GS
1464 1943 1587 1989 major
1619 1953 1734 1988 quam
1766 1941 1804 1976 H
1817 1942 1855 1977 S.

344 2011 417 2046 Est
441 2017 571 2046 autem
605 2017 642 2046 ut
672 2010 702 2047 A
718 2011 748 2047 C
777 2011 826 2046 ad
847 2012 886 2047 H
899 2011 944 2054 S,
986 2012 1055 2047 hoc
1078 2018 1137 2046 est
1161 2018 1204 2047 ut
1228 2010 1301 2048 ΟΕ
1320 2010 1369 2046 ad
1405 2010 1494 2053 SE,
1521 2010 1602 2045 sive
1629 2014 1673 2043 ut
1691 2007 1728 2042 D
1745 2007 1775 2042 F
1806 2006 1855 2042 ad

341 2078 441 2123 QF,
471 2079 527 2114 ita
549 2079 626 2114 BD
662 2077 711 2114 ad
735 2077 821 2122 OQ.
873 2080 924 2114 Et
951 2078 1205 2121 invertendo,
1247 2083 1290 2112 ut
1315 2077 1388 2112 HS
1415 2076 1463 2111 ad
1489 2075 1592 2117 Ac,
1627 2075 1682 2108 ita
1704 2072 1778 2117 OQ
1805 2073 1855 2108 ad

340 2145 430 2182 BD.
478 2144 555 2180 Sed
591 2151 634 2180 ut
670 2145 748 2182 AC
787 2145 835 2180 ad
877 2144 950 2180 GS
988 2144 1043 2179 ita
1081 2150 1139 2180 est
1157 2144 1237 2179 BD
1260 2141 1310 2178 ad
1341 2141 1439 2185 PQ,
1467 2147 1622 2188 propter
1649 2138 1855 2175 intervalla
