2051 2648
888 148 1022 197 (³³)

202 251 244 280 ut
256 245 478 280 internectio
490 243 764 291 productarum
778 242 807 280 B
817 241 849 280 C
865 267 877 287 ,
895 243 975 280 ED
988 238 1093 279 sitin
1115 242 1233 290 pend.
1252 251 1357 289 grav.
1372 243 1570 281 diametro.
1622 248 1716 292 Ergo

202 315 362 359 apparet
375 314 414 346 et
427 314 517 347 ante
537 309 591 345 sic
615 318 802 355 suspensa
823 308 956 346 fuisse.
1006 309 1156 346 Eodem
1174 309 1288 346 modo
1301 308 1555 348 demonstrari
1576 318 1721 358 potest,

199 376 278 413 AB
303 382 342 412 et
359 375 440 412 DC
468 385 510 412 se
533 375 765 411 intersecare
786 374 829 410 in
855 374 974 422 pend.
995 387 1049 422 gr.
1073 374 1261 412 diametro
1284 376 1498 423 ponderum
1525 387 1575 414 ex
1595 378 1719 416 BetC

201 442 482 489 pendentium,
515 447 557 479 et
593 442 652 478 ita
689 440 739 477 de
778 441 969 488 quotlibet
999 441 1085 478 aliis
1111 443 1154 478 in
1179 442 1375 480 infinitum
1413 443 1718 480 ascendentibus.

199 509 328 545 Facile
351 508 443 546 hinc
461 509 559 552 erit,
582 508 615 544 si
650 514 743 544 nota
769 508 979 545 habeamus
1004 510 1081 546 tria
1102 516 1274 557 puncta,
1299 510 1328 548 C
1342 535 1354 554 ,
1377 510 1415 547 D
1438 516 1480 547 et
1500 511 1533 549 E
1560 517 1719 547 catenae

202 576 320 623 huius
334 600 345 620 ,
371 580 524 612 caetera
549 584 703 621 quoque
726 575 906 611 invenire
927 581 970 611 ut
995 576 1023 612 B
1037 600 1049 620 ,
1072 576 1125 619 F,
1150 576 1186 612 A
1200 600 1212 620 ‚
1235 577 1282 613 G.
1328 577 1486 624 Oportet
1509 576 1614 612 euim
1640 577 1720 612 DE

201 642 376 679 bifariam
409 640 587 678 dividere
605 641 680 676 inI
699 646 737 677 et
751 652 863 686 agere
885 641 905 678 1
922 642 953 678 Ο
975 641 1198 688 parallelam
1220 643 1297 689 ipsi
1320 642 1347 679 S
1360 643 1397 679 D
1410 667 1422 687 ,
1448 648 1488 678 et
1511 652 1562 679 ex
1578 642 1631 685 Ο,
1655 644 1722 679 ubi

198 708 385 755 producta
426 706 511 744 CD
546 706 655 743 illam
692 707 759 744 10
783 713 910 751 secat,
948 719 1019 755 per
1042 709 1076 745 Ε
1107 707 1249 745 ducere
1281 707 1358 746 OF
1395 714 1437 745 et
1479 719 1620 756 ponere
1643 709 1724 746 EF

200 774 399 821 aequalem
416 774 499 811 DE
514 798 525 817 ,
553 778 594 810 et
615 774 845 811 habebimus
873 779 1062 821 punctum
1081 774 1127 811 F.
1152 760 1278 811 Simili
1302 773 1416 810 modo
1440 779 1481 809 et
1491 773 1641 821 reliqua
1665 787 1720 811 re·

201 841 320 888 periri
343 845 517 888 possunt.

243 909 396 956 Propos.
428 911 482 943 32.
518 908 661 951 Linea,
690 918 791 955 quae
815 919 888 955 per
927 908 1020 946 haec
1058 913 1205 956 puncta
1231 908 1385 944 ducitur
1400 932 1411 950 ,
1450 906 1564 944 valde
1587 918 1723 955 parum

199 974 344 1012 distare
379 974 540 1011 videtur
573 986 598 1012 a
632 974 735 1011 linea
764 975 984 1023 parabolica
997 1000 1008 1018 ,
1042 986 1160 1023 quam
1186 979 1318 1011 tamen
1343 984 1422 1011 non
1445 973 1578 1011 refert.
1617 974 1724 1017 Quod

199 1042 254 1076 sic
279 1040 620 1078 demonstrabitur.

249 1108 501 1145 Describatur
531 1119 603 1156 per
632 1114 779 1156 puncta
802 1107 858 1153 C,
884 1108 947 1153 D,
969 1109 1030 1153 E,
1067 1109 1250 1157 parabola
1285 1108 1479 1152 CDER‚
1518 1108 1604 1146 dico
1627 1109 1725 1145 hanc

204 1186 281 1212 non
304 1175 471 1211 transire
511 1185 583 1222 per
606 1181 798 1222 punctum
822 1175 866 1213 F.
915 1175 1006 1213 Fiat
1039 1176 1148 1212 enim
1185 1181 1231 1211 ut
1253 1175 1333 1212 OD
1358 1174 1410 1211 ad
1433 1174 1539 1218 Dc,
1575 1175 1630 1211 sic
1652 1174 1728 1211 OE

203 1242 253 1278 ad
276 1243 380 1284 ER,
407 1252 505 1286 quae
530 1241 704 1285 signetur
738 1241 784 1275 in
804 1241 926 1277 OEF
949 1241 1159 1293 producta3
1198 1240 1285 1278 dico
1319 1241 1445 1288 primo
1481 1246 1669 1288 punctum
1696 1242 1729 1278 R

203 1318 286 1344 esse
309 1308 353 1343 in
380 1306 515 1343 eadem
552 1307 657 1343 linea
686 1306 903 1353 parabolica
926 1318 1015 1343 cum
1040 1308 1198 1354 punctis
1227 1307 1284 1351 C,
1306 1306 1345 1343 D
1362 1331 1375 1352 ,
1406 1307 1454 1343 E.
1490 1306 1727 1344 Producatur

203 1373 309 1409 enim
333 1372 397 1409 01
427 1371 675 1419 ducaturque
703 1372 801 1417 CR,
837 1384 937 1420 quae
959 1373 1085 1421 ipsam
1109 1380 1213 1411 secet
1240 1374 1285 1410 in
1314 1372 1368 1418 '1'3
1394 1378 1436 1409 et
1459 1373 1641 1420 quoniam
1667 1381 1723 1409 est

202 1439 278 1477 DC
303 1437 354 1474 ad
378 1439 458 1475 ER
482 1444 527 1475 ut
549 1438 631 1476 OD
653 1438 705 1475 ad
722 1439 799 1476 OE
814 1463 826 1483 ,
859 1438 963 1475 linea
989 1446 1124 1476 autem
1147 1439 1224 1477 0'1·
1249 1444 1355 1477 secat
1375 1439 1502 1487 ipsam
1525 1439 1608 1476 DE
1632 1439 1726 1476 bifa-

203 1507 328 1549 riam,
367 1506 618 1543 manifestum
647 1517 800 1554 quoque
826 1512 911 1552 est,
943 1508 1072 1555 ipsam
1111 1506 1187 1544 CR
1211 1505 1391 1543 bifariam
1425 1511 1569 1543 sectam
1601 1507 1645 1542 in
1674 1507 1727 1550 '1¹3

203 1584 316 1620 porro
347 1583 435 1609 cum
459 1578 605 1620 puncta
633 1573 686 1616 C,
708 1573 770 1616 D,
793 1573 849 1617 E,
874 1573 955 1609 sint
979 1574 1024 1610 in
1048 1573 1252 1621 parabola,
1277 1577 1319 1609 et
1339 1572 1409 1610 CT
1434 1572 1605 1619 aequalis
1627 1571 1726 1616 TR,

207 1646 246 1676 et
271 1640 345 1678 CR
371 1641 636 1688 aequidistans
657 1641 735 1689 ipsi
759 1641 797 1677 D
813 1641 872 1688 E,
897 1641 1114 1679 necessario
1149 1650 1302 1688 quoque
1331 1643 1519 1686 punctum
1543 1639 1577 1674 R
1603 1639 1677 1675 erit
1687 1639 1728 1674 in

209 1706 344 1744 eadem
367 1707 584 1754 parabolica
612 1707 740 1752 linea,
779 1708 874 1745 alias
897 1709 1004 1745 enim
1028 1709 1060 1746 Ο
1075 1708 1108 1745 Τ
1132 1719 1212 1744 non
1235 1712 1337 1743 esset
1360 1706 1563 1753 parabolae
1587 1706 1731 1743 diame-

209 1781 288 1819 ter,
312 1785 382 1822 per
395 1775 491 1811 28³¹¹¹
506 1774 597 1811 Con.
611 1774 741 1821 Apoll.
753 1774 820 1811 lib.
846 1776 894 1812 21.
944 1775 1055 1821 Quod
1081 1774 1291 1812 absurdum
1317 1779 1442 1816 esset,
1469 1772 1561 1819 quia
1573 1774 1637 1809 axi
1659 1773 1730 1810 DS

208 1841 389 1888 parallela
403 1847 463 1877 est
481 1867 490 1884 ‚
518 1852 569 1877 ex
594 1841 890 1879 constructione.
941 1842 1041 1879 Cum
1065 1842 1198 1889 itaque
1223 1848 1412 1888 punctum
1432 1841 1462 1874 R
1483 1839 1535 1874 sit
1556 1840 1600 1875 in
1624 1851 1731 1887 para-

210 1909 333 1946 bolica
357 1908 463 1945 linea
494 1908 632 1945 eadem
662 1909 705 1944 in
731 1920 809 1956 qua
831 1915 891 1945 est
918 1915 1108 1957 punctum
1135 1910 1186 1952 E,
1219 1908 1396 1955 sequitur
1429 1913 1615 1953 punctum
1636 1907 1668 1943 F
1690 1908 1730 1941 in

214 1988 258 2010 ea
282 1986 363 2011 non
388 1986 499 2023 posse
523 1987 607 2013 esse
623 2002 634 2021 ,
661 1977 752 2022 quia
776 1976 936 2014 deberet
956 1983 1062 2014 recta
1078 1978 1183 2013 linea
1206 1975 1283 2012 OR
1304 1973 1521 2021 parabolam
1547 1973 1591 2008 in
1610 1973 1733 2009 tribus

214 2043 364 2087 punctis
391 2036 541 2087 secare,
570 2043 673 2089 quod
694 2043 905 2080 absurdum
929 2050 1009 2080 est:
1047 2044 1107 2080 vel
1142 2048 1328 2091 punctum
1355 2042 1387 2076 R
1411 2039 1622 2075 coincidere
1647 2050 1732 2075 cum

215 2109 402 2154 punctoF
416 2135 426 2151 ‚
454 2109 554 2156 quod
578 2110 817 2158 impossibile
844 2117 927 2155 est,
954 2123 1041 2148 cum
1072 2111 1149 2147 ΟΕ
1164 2120 1315 2156 semper
1338 2108 1462 2153 maj0r
1487 2105 1538 2141 sit
1567 2103 1668 2147 OD,
1695 2111 1733 2140 et

220 2185 333 2219 quam
374 2177 656 2220 proportionem
682 2177 800 2212 habet
833 2177 915 2213 OD
939 2177 986 2212 ad
1015 2178 1120 2219 Dc,
1168 2187 1254 2212 eam
1291 2174 1432 2210 habeat
1461 2172 1534 2207 ΟΕ
1571 2170 1619 2206 ad
1642 2171 1734 2207 ER,

1198 2243 1229 2276 E
