2051 2648
1028 120 1182 167 (182)

358 219 447 256 duci
477 218 618 265 possit,
664 217 725 253 cui
769 221 850 253 tota
885 216 1009 263 portio
1046 217 1177 262 jaceat
1210 216 1259 252 ad
1281 223 1431 263 partem
1459 220 1646 266 eandem3
1688 221 1791 268 quod
1822 228 1881 259 est

354 285 582 323 absurdum.

402 353 539 401 Itaque
561 353 604 388 in
621 352 746 399 spatio
768 352 922 388 infinito
945 351 979 387 A
994 350 1024 387 Β
1039 350 1067 388 C
1081 351 1114 387 E
1156 356 1333 388 centrum
1357 364 1412 399 gr.
1446 364 1515 388 nec
1530 354 1651 401 magis
1676 365 1747 389 nec
1769 356 1886 394 etiam

349 421 478 459 minus
515 420 635 456 distat
660 420 707 456 ab
741 418 821 455 AB
864 430 981 466 quam
1007 417 1251 464 longitudine
1280 419 1412 455 lateris
1436 420 1565 465 recti;
1604 432 1691 468 ergo
1714 422 1784 457 hac
1805 422 1888 469 ipsa

351 488 594 536 longitudine
627 488 675 524 ab
702 499 748 523 ea
768 492 960 523 remotum
985 493 1054 523 est.
1108 486 1152 531 Q.
1167 487 1212 524 E.
1233 487 1280 524 D.

398 556 501 593 Hinc
524 562 562 592 et
578 555 626 591 de
651 554 772 591 solido
793 555 910 602 spatii
934 555 1081 591 infiniti
1106 566 1154 592 ex
1178 555 1426 591 conversione
1454 557 1542 601 eJus
1565 556 1665 591 circa
1678 557 1886 604 perpendi-

352 623 520 659 cularem
548 624 803 670 pronuntiare
833 623 1059 671 poterimus.
1112 622 1269 659 Etenim
1295 623 1327 657 si
1356 623 1443 670 (fig.
1469 621 1550 670 77)
1580 624 1686 660 intra
1702 625 1886 670 angulum

349 690 682 737 perpendicularis
707 702 794 727 cum
817 696 1037 738 asymptoto
1063 690 1334 737 rectangulum
1363 689 1578 736 applicetur
1593 716 1604 735 ‚
1632 697 1674 727 ut
1693 691 1724 728 Ο
1737 691 1766 728 Β
1782 692 1817 727 D
1832 692 1862 728 C
1876 717 1886 735 ,

350 760 459 805 cujus
497 759 666 795 altitudo
706 759 778 796 OB
813 758 977 794 dimidia
1009 759 1059 793 sit
1091 758 1200 800 AB,
1243 758 1345 793 basis
1370 769 1463 794 vero
1495 757 1576 795 BD
1603 759 1721 805 dupla
1756 759 1887 795 lateris

349 827 467 869 recti,
509 827 762 866 manifestum
803 833 862 863 est
898 829 982 874 eJus
1023 825 1240 871 rectanguli
1276 831 1460 861 centrum
1498 837 1554 873 gr.
1589 825 1809 862 Pincidere
1846 826 1887 860 in

350 900 525 930 centrum
552 906 606 941 gr.
638 895 755 942 spatii
784 894 929 932 infiniti
968 893 1155 939 ABEX3
1196 892 1258 930 cui
1286 894 1411 939 spatio
1446 905 1598 940 quoque
1634 893 1780 930 dictum
1817 903 1882 928 re·-

348 961 572 1007 ctangulum
599 961 761 1009 aequale
786 966 857 998 est.
908 961 1020 999 Unde
1049 967 1201 997 constat
1231 961 1479 997 conversione
1505 962 1588 1007 ejus
1603 961 1702 996 circa
1724 960 1799 996 OB
1822 970 1888 1005 cy-

347 1029 519 1066 lindrum
555 1030 659 1076 gigni
696 1030 858 1077 aequale
893 1028 1013 1066 solido
1047 1029 1200 1065 infinito
1226 1039 1275 1064 ex
1317 1028 1566 1065 conversione
1592 1028 1710 1075 spatii
1739 1027 1883 1064 infiniti

349 1095 450 1130 circa
489 1095 655 1130 eandem
691 1097 784 1128 axin
822 1097 912 1130 AB.
966 1096 1075 1129 Sicut
1109 1095 1156 1128 de
1190 1094 1388 1136 cylindro,
1422 1095 1489 1137 qui
1522 1095 1565 1130 fit
1609 1096 1783 1139 ejusdem
1820 1107 1882 1129 re-

347 1159 517 1207 ctanguli
537 1156 786 1194 conversione
799 1155 899 1191 circa
925 1155 1002 1190 BD
1021 1175 1030 1196 7
1064 1160 1264 1189 ostensum
1288 1161 1403 1189 antea
1424 1160 1507 1196 est,
1530 1165 1612 1190 esse
1640 1168 1727 1192 eum
1750 1169 1889 1204 aequa-

346 1228 424 1265 lem
461 1225 582 1262 solido
619 1223 730 1260 alteri
763 1222 917 1260 infinito
952 1231 1001 1258 ex
1034 1221 1382 1258 circunwolutione
1423 1220 1542 1266 spatii
1577 1220 1752 1262 ABEX
1786 1226 1884 1261 circa

348 1299 595 1342 asymptoton
629 1292 715 1328 BE.
1435 1334 1439 1338 ἣ

396 1363 466 1398 Est
491 1372 579 1407 ergo
605 1358 771 1395 solidum
795 1368 845 1394 ex
872 1357 997 1405 spatio
1018 1355 1174 1393 infinito
1201 1354 1368 1394 ABEX
1409 1356 1509 1392 circa
1545 1363 1791 1404 asymptoton
1814 1359 1887 1398 BE

349 1428 398 1466 ad
420 1425 595 1464 'solidum
635 1427 836 1463 infinitum
865 1436 915 1461 ex
947 1424 1083 1463 eodem·
1109 1423 1234 1470 spatio
1267 1424 1365 1459 circa
1391 1423 1470 1459 AB
1499 1424 1885 1470 perpendicularem,

349 1496 447 1532 sicut
491 1495 564 1532 PF
602 1495 651 1530 ad
682 1495 778 1537 PG,
817 1494 887 1530 hoc
927 1498 1010 1535 est,
1047 1492 1147 1528 sicut
1180 1496 1202 1540 ᾗ
1237 1491 1570 1539 perpendicularis
1612 1492 1687 1529 AB
1737 1494 1787 1529 ad
1823 1495 1882 1530 la-

349 1570 412 1599 tus
454 1568 604 1598 rectum
653 1562 778 1596 lineae
819 1559 918 1596 AX.
981 1558 1045 1595 A‘d
1096 1557 1263 1593 solidum
1305 1570 1398 1595 vero
1454 1559 1552 1594 circa
1603 1565 1749 1596 rectam
1801 1560 1873 1597 ΑΖ

348 1635 567 1676 asymptoto
603 1628 829 1674 parallelam
870 1632 912 1662 ut
939 1629 959 1664 1
984 1626 1032 1661 ad
1065 1629 1098 1663 3.
1152 1624 1261 1669 Quod
1300 1631 1537 1671 postremum
1577 1626 1744 1663 solidum
1792 1628 1883 1663 cali-

345 1709 428 1732 cem
465 1695 585 1731 refert
627 1695 804 1731 infinitae
833 1694 1088 1742 capacitatIS,
1120 1693 1213 1730 licet
1251 1693 1382 1740 exigui
1420 1694 1618 1741 ponderis;
1654 1693 1756 1740 quod
1786 1701 1823 1730 et
1846 1696 1887 1730 in

351 1764 523 1802 Cissoide
556 1763 757 1810 contingit.
1886 1801 1894 1808 ὓ

401 1830 588 1867 Portionis
620 1841 642 1864 a
674 1829 775 1864 binis
802 1827 1186 1875 perpendicularibus
1217 1827 1447 1864 terminatae
1473 1833 1650 1863 centrum
1681 1840 1735 1875 gr.
1767 1828 1887 1865 distat

348 1910 370 1934 a
406 1897 718 1944 perpendiculari
762 1896 924 1943 majori,
964 1895 1205 1941 longitudine
1250 1895 1382 1930 lateris
1423 1894 1537 1936 recti,
1593 1894 1723 1931 demta
1756 1896 1884 1938 linea,

349 1977 447 2012 quae
488 1976 527 2000 se
554 1964 692 2000 habeat
727 1963 775 1998 ad
808 1964 916 2000 basin
947 1964 1134 2010 portionis
1169 1963 1266 1998 sicut
1295 1963 1420 1999 minor
1457 1962 1792 2009 perpendicularis
1825 1963 1875 1999 ad

350 2043 572 2074 excessum,
614 2043 689 2078 quo
724 2032 808 2078 ipsa
832 2044 855 2067 a
881 2032 1020 2077 majori
1053 2037 1271 2078 superatur.

398 2099 439 2136 Si
457 2099 577 2145 igitur
596 2097 711 2133 detur
735 2097 922 2144 portionis
948 2098 1119 2144 cujusvis
1152 2097 1383 2134 terminatae
1402 2102 1576 2132 centrum
1600 2107 1654 2142 gr.
1672 2121 1682 2138 ,
1712 2095 1881 2132 inveniri

353 2166 493 2214 poterit
527 2166 630 2202 latus
657 2170 818 2202 rectum„
