2051 2648
785 171 943 221 (133)

124 273 268 308 mensis
306 271 416 308 Junii
444 282 467 306 a
500 268 660 305 Texelia
690 269 913 307 discessere.
963 269 1066 306 Cura
1099 280 1231 305 eorum
1263 276 1405 306 nautae
1443 270 1594 306 cuidam
1629 283 1650 306 e

125 339 372 386 peritioribus
387 362 397 380 ‚
424 347 617 390 quemque
640 336 763 370 multo
787 341 878 371 ante
904 336 1121 383 praeceptis
1143 336 1423 379 instruxeram,
1450 337 1650 371 commissa

123 406 224 447 fuit,
263 404 395 440 addito
430 404 743 449 horologiopaeo,
783 403 975 449 rebusque
1007 404 1184 438 omnibus
1218 403 1442 438 necessariis
1466 404 1652 450 provisis,

122 483 198 518 qua
229 471 271 506 in
307 483 348 506 re
379 482 534 517 operam
567 470 764 516 insignem
797 470 992 516 praestitit
1026 471 1074 507 D.
1103 469 1348 506 Huddenius.
1413 470 1547 506 Visum
1576 469 1652 505 fuit

121 545 274 580 autem,
302 549 376 584 quo
398 538 587 572 maturius
619 541 666 572 de
693 537 800 572 exitu
822 537 878 571 rei
906 538 1315 581 certioresfieremus,
1352 548 1428 572 non
1463 548 1582 583 usque
1607 537 1649 570 in

121 605 273 640 Indiam
309 615 394 639 cum
420 604 468 637 iis
501 604 668 639 navibus
706 603 900 648 horologia
937 604 1122 650 perferri,
1149 603 1217 638 sed
1250 615 1293 639 eo
1319 614 1435 648 quem
1463 603 1545 637 dixi
1572 603 1652 638 loco

119 672 284 718 operiri,
317 670 438 704 donec
459 681 505 704 ea
532 680 580 703 ex
603 669 717 704 India
743 669 839 704 aliae
876 680 995 705 naves
1023 681 1199 705 reversae
1231 668 1442 711 reducant,
1482 679 1577 714 quas
1598 675 1653 704 ta-

117 749 206 773 men
238 749 327 773 vere
356 736 530 783 proximo
559 735 715 770 demum
743 736 1001 781 expectandas
1029 737 1153 782 ajunt.
1206 736 1388 771 Feceram
1420 736 1503 781 ipse
1540 736 1640 781 peri-

118 805 242 839 culum
284 809 413 838 autem
446 803 487 837 in
524 802 621 837 mari
646 801 841 845 interiori,
879 803 980 848 quod
1005 814 1073 838 nos
1101 815 1123 838 a
1153 802 1263 838 vobis
1297 802 1469 844 dirimit,
1494 802 1648 838 visurus

116 882 254 917 nempe
288 882 403 916 quam
430 871 526 905 bene
546 870 799 916 jactationem
832 870 977 916 navigii
1014 881 1091 905 non
1116 871 1174 905 ita
1201 870 1332 915 magni
1355 869 1535 904 toleraret
1556 880 1653 915 pen-

58 941 64 945 “
116 937 290 972 dulorum
314 943 462 972 motus:
488 943 603 983 atque
631 938 679 972 ab
701 948 745 972 eo
760 937 1023 983 experimento
1044 937 1217 983 itemque
1237 937 1335 981 alio,
1353 937 1395 970 in
1419 936 1653 971 mediterra-

116 1016 187 1039 neo
226 1005 324 1040 mari
364 1004 454 1039 olim
496 1011 624 1051 capto,
668 1015 745 1039 non
783 1005 884 1040 male
931 1004 977 1039 de
1011 1016 1168 1041 succesu
1203 1005 1347 1051 negotii
1383 1004 1500 1050 hujus
1551 1015 1653 1038 nunc

115 1082 291 1118 auguror.
309 1085 327 1105 >a

163 1137 294 1181 Qualis
321 1148 413 1174 vero
437 1138 555 1182 hujus
578 1137 840 1184 expeditionis
876 1140 1005 1174 exitus
1033 1139 1174 1180 fuerit,
1199 1140 1284 1183 ipse
1311 1139 1516 1183 Hugenius
1541 1138 1566 1173 l.
1592 1148 1653 1173 su·

113 1216 181 1251 pra
215 1205 240 1239 l.
287 1203 463 1239 tradidit.
517 1205 659 1239 Docuit
701 1205 804 1240 enim
856 1205 1125 1250 experientia,
1166 1205 1360 1249 horologia
1399 1204 1653 1250 longitudinis

113 1269 389 1310 differentiam,
425 1269 623 1302 Texeliam
649 1268 753 1302 inter
777 1273 817 1302 et
844 1267 990 1302 dictum
1015 1268 1343 1313 promontorium,
1383 1280 1498 1305 verae
1524 1273 1651 1317 proxi-

113 1347 215 1371 mam
246 1334 491 1378 exhibuisse,
529 1340 647 1380 atque
680 1334 862 1370 universe
904 1334 1050 1380 navigii
1080 1345 1232 1370 cursum
1261 1346 1310 1370 ex
1339 1347 1470 1371 eorum
1496 1337 1650 1373 indica-

117 1403 219 1437 tione
248 1400 485 1444 confectum,
518 1400 771 1447 probabiliter
794 1401 1031 1447 conspirasse
1058 1413 1144 1436 cum
1175 1413 1242 1445 eo,
1276 1403 1343 1448 qui
1376 1413 1424 1437 ex
1443 1410 1648 1440 nautarum

111 1469 397 1504 existimatione
418 1469 674 1514 sequebatur;
701 1468 810 1504 illum
825 1479 917 1504 vero
937 1479 1166 1504 consensum
1190 1469 1314 1504 multo
1329 1480 1410 1505 esse
1435 1472 1647 1517 majorem,

112 1537 146 1571 si
178 1537 219 1571 in
258 1536 397 1571 itincre
436 1546 485 1570 ex
535 1536 812 1582 horologiorum
856 1541 963 1572 motu
1007 1535 1258 1579 deducendo,
1303 1538 1402 1572 ratio
1440 1538 1649 1574 haberetur

109 1609 215 1638 motu
268 1602 398 1638 diurni
444 1602 603 1639 telluris.
686 1603 891 1639 Caeterum
945 1614 993 1638 ex
1044 1603 1228 1639 relatione
1283 1611 1444 1650 apparet
1506 1607 1649 1642 multas

110 1670 344 1705 concurrisse
368 1679 525 1711 causas,
554 1680 652 1715 quae
678 1670 888 1705 effecerunt
913 1676 956 1705 ut
981 1670 1075 1705 haec
1103 1668 1301 1715 expeditio
1326 1682 1395 1705 nec
1421 1671 1551 1717 plures
1572 1684 1641 1708 nec

110 1737 337 1772 maturiores
360 1737 490 1772 tulerit
504 1736 675 1781 fructus;
702 1738 807 1772 inter
829 1748 924 1783 quas
940 1738 1144 1784 praecipue
1160 1744 1433 1773 recensentur:
1472 1739 1646 1776 defectus

111 1804 423 1840 observationum
445 1815 531 1839 cum
555 1804 668 1840 navis
699 1804 856 1839 Texelia
883 1805 1010 1840 littore
1039 1803 1227 1848 solveret3
1264 1804 1552 1851 horologiorum
1578 1808 1648 1842 im-

111 1870 282 1916 perfecta
317 1870 540 1916 suspensio,
579 1870 776 1917 marisque
825 1871 1007 1916 agitatio,
1060 1881 1157 1916 quae
1199 1877 1347 1906 motum
1389 1872 1644 1918 pendulorum

109 1937 214 1973 haud
251 1948 334 1973 raro
366 1938 636 1983 perturbavit,
691 1938 900 1984 aliquando
952 1939 1070 1975 etiam
1110 1939 1341 1985 interrupit;
1385 1939 1440 1974 rei
1474 1939 1641 1986 denique

111 2004 281 2047 novitas,
319 2014 396 2050 qua
420 2004 564 2040 factum
601 2010 658 2040 est
684 2012 728 2041 ut
765 2007 1051 2049 observatores,
1098 2005 1274 2053 quamvis
1316 2007 1413 2041 bene
1439 2006 1638 2051 instructi,

111 2083 243 2117 graves
268 2072 526 2107 commiserint
549 2084 695 2108 errores
709 2099 719 2117 ‚
742 2078 781 2109 et
806 2073 855 2109 de
875 2073 1076 2120 horologiis
1104 2072 1421 2109 administrandis
1444 2083 1636 2107 nonnum-

112 2149 226 2183 quam
249 2149 378 2173 secnm
392 2140 562 2176 invicem
577 2141 789 2187 litigarint‚
812 2141 888 2188 ipsi
909 2153 1022 2184 vero,
1055 2146 1098 2177 ut
1111 2141 1174 2183 fit,
1201 2151 1224 2175 a
1248 2138 1406 2184 reliquis
1432 2139 1559 2175 nautis
1580 2140 1637 2175 lu-

110 2203 234 2239 dibrio
256 2204 379 2239 habiti
403 2205 491 2243 sint.

1122 2272 1153 2306 R
1179 2274 1201 2306 3
