2051 2648
851 124 984 174 (59)

820 270 847 330 ᾗ
886 277 999 325 VII.

601 433 662 469 Ad
695 434 808 480 epist.
836 436 942 472 202111.
967 445 1055 481 pag.
1084 436 1143 470 69.
1172 445 1255 480 sqq.

158 561 377 618 Abstinere
414 588 490 612 non
528 587 686 622 possum
722 579 815 623 quin
845 580 916 614 hoc
943 579 1023 614 loco
1055 591 1142 616 cum
1166 578 1373 614 lectoribus
1407 580 1680 614 communicem

156 661 201 683 ea
227 658 322 693 quae
358 645 399 679 in
436 642 556 680 variis
579 641 702 678 Libris
729 643 1047 680 Adversariorum
1078 646 1335 680 inveniuntur
1373 645 1422 680 ad
1455 645 1679 691 praecipuas

154 715 268 759 huJus
305 710 488 757 epistolae
528 714 659 756 partes
707 710 964 756 pertinentia5
1017 711 1190 756 Hugenii
1226 711 1494 757 experimenta
1532 721 1581 745 sc.
1632 710 1679 745 de

151 779 371 815 resistentia
385 777 611 820 fluidorum,
638 788 736 823 quae
757 784 1105 813 commemorantur
1116 779 1224 814 Fasc.
1241 778 1271 816 Ι.
1290 789 1328 823 p.
1355 779 1421 820 70,
1453 783 1492 812 et
1514 776 1680 822 descrip-

152 853 191 882 ta
213 852 304 882 sunt
326 847 368 880 in
392 846 504 880 Libro
519 845 566 880 D.
594 856 632 890 p.
664 847 732 880 157
747 850 786 879 et
809 855 848 890 p.
866 840 956 889 1943
983 856 1054 880 nee
1084 856 1159 879 non
1192 843 1367 889 ejusdem
1391 842 1679 888 disquisitiones

151 912 198 947 de
226 918 333 947 motu
365 921 564 956 corporum
587 911 845 956 projectorum
878 911 921 944 in
953 909 1080 945 medio
1103 910 1303 946 resistenti
1340 910 1382 943 in
1413 909 1562 944 ratione
1587 919 1679 954 qua—

151 979 349 1015 dratorum
376 977 648 1019 velocitatum,
687 988 783 1023 quae
811 977 1061 1024 reperiuntur
1093 978 1135 1013 in
1158 977 1272 1012 Libro
1296 976 1342 1011 G.
1363 986 1400 1022 p.
1430 976 1488 1010 49.

197 1048 256 1082 De
294 1057 415 1091 aquae
453 1044 674 1080 resistentia
719 1043 957 1089 exploranda
993 1050 1032 1079 et
1077 1054 1213 1089 reapse
1250 1043 1370 1080 variis
1403 1042 1679 1087 experimentis

149 1117 299 1147 tentata
332 1111 397 1148 l.l.
427 1109 629 1156 sequentia
659 1109 779 1144 relata
805 1114 922 1144 sunt:
963 1107 1039 1155 (1)

1099 1241 1143 1273 13
1174 1239 1288 1276 Fevr.
1323 1241 1428 1276 1669.

194 1391 212 1410 »
245 1376 344 1411 Pour
374 1371 611 1407 determinet
641 1372 678 1406 la
702 1370 803 1406 force
833 1370 880 1406 de
921 1372 1019 1407 l'eau
1052 1378 1285 1417 mouvante‚
1313 1373 1341 1407 il
1376 1372 1460 1408 faut
1495 1373 1674 1408 chercher

143 1454 214 1489 par
250 1440 476 1486 experience
516 1439 816 1485 premierement
851 1451 945 1475 avec
985 1440 1161 1475 combien
1181 1439 1228 1474 de
1268 1438 1369 1475 force
1394 1451 1470 1475 une
1507 1441 1673 1475 certaine

144 1510 294 1554 largeur
324 1507 455 1549 d'cau,
481 1507 601 1542 allant
630 1507 742 1542 d'une
781 1507 952 1542 certaine
985 1508 1150 1550 vitesse‚
1178 1506 1251 1542 fait
1277 1506 1508 1553 impression
1540 1513 1668 1543 contre

144 1587 221 1611 une
257 1573 403 1610 surface
445 1573 595 1619 platte‚
637 1574 703 1619 qui
737 1575 805 1618 luy
845 1580 903 1609 est
932 1574 1186 1610 directement
1225 1574 1398 1620 opposee.
1459 1575 1558 1610 Pour
1594 1574 1674 1609 cela

143 1643 171 1677 il
213 1642 297 1678 faut
332 1641 437 1676 avoir
479 1651 533 1674 un
575 1640 754 1675 vaisseau
804 1641 869 1686 qui
912 1641 1085 1676 contiene
1123 1641 1171 1676 de
1203 1641 1309 1677 -l'eau
1347 1640 1394 1676 de
1437 1640 1671 1676 lahantem·

143 1710 231 1745 d’un
267 1719 315 1743 ou
354 1708 378 1741 2
413 1706 521 1753 pieds
566 1717 614 1740 ou
649 1706 901 1753 d'avantage,
949 1707 1076 1753 lequel
1111 1718 1160 1742 on
1195 1718 1351 1753 percera
1380 1718 1468 1743 vers
1502 1707 1537 1742 le
1577 1706 1670 1743 bord

143 1776 194 1810 du
230 1773 343 1810 fonds
378 1773 470 1808 d’un
508 1777 591 1807 trou
625 1772 672 1807 de
700 1774 725 1806 2
753 1784 801 1808 ou
826 1775 847 1807 3
880 1773 1001 1819 lignes
1037 1778 1279 1808 exactement
1315 1773 1530 1816 mesurees‚
1574 1785 1670 1820 pour

141 1844 236 1879 faire
271 1841 422 1877 ecouler
462 1840 573 1876 l’eau.
633 1840 724 1876 Puis
757 1852 806 1875 on
844 1852 938 1876 aura
977 1851 1051 1875 une
1080 1841 1240 1876 balance
1260 1865 1271 1883 ‚
1309 1840 1404 1875 dont
1434 1838 1456 1875 a
1490 1841 1569 1876 l'un
1601 1840 1668 1875 des

141 1912 226 1946 bras
248 1910 276 1944 il
301 1910 363 1954 n’y
390 1920 482 1944 aura
507 1907 617 1954 point
640 1907 687 1942 de
716 1908 822 1954 plat,
849 1908 947 1943 mais
974 1918 1023 1941 on
1049 1918 1074 1952 y
1096 1907 1323 1954 appliquera
1349 1906 1483 1942 dessus
1505 1919 1554 1944 au
1572 1908 1664 1943 bout

189 2060 249 2097 (1)
288 2060 485 2097 Experimento
507 2059 576 2087 haee
614 2059 710 2087 eadem
734 2068 796 2087 esse
831 2059 982 2091 videntur,
1013 2059 1047 2086 de
1067 2059 1166 2095 quibus
1189 2059 1246 2096 egit
1280 2056 1328 2084 Du
1348 2056 1447 2084 Hamel
1481 2056 1507 2083 in
1541 2054 1652 2093 Regiae

152 2116 257 2144 Seient.
290 2117 377 2144 Acad.
409 2115 484 2143 Hist.
505 2125 534 2153 p.
560 2117 608 2143 48.
637 2125 702 2152 sqq.
735 2117 778 2143 ed.
815 2117 857 2144 2³.
886 2115 930 2144 Ex
954 2117 986 2144 iis
1018 2125 1084 2143 vero
1107 2125 1176 2152 quae
1197 2124 1295 2142 sumus
1317 2113 1501 2150 descripturi,
1545 2113 1651 2150 patebit

152 2172 311 2210 Hugenium
331 2173 357 2199 in
377 2172 420 2200 his
441 2172 634 2208 experimentis
652 2171 850 2200 concinnandis
869 2174 898 2200 et
922 2173 1070 2210 dirigendis
1092 2172 1256 2209 praecipuas
1276 2170 1366 2208 eglese
1388 2170 1494 2206 partes.

1066 2228 1157 2263 H2
