2051 2648
1044 132 1200 179 (164)

352 232 443 267 dere
465 231 514 275 C3
544 240 592 263 ex
623 229 813 264 axiomate
842 232 991 262 nostro:
1028 227 1133 264 vires
1160 237 1360 274 corporum
1385 237 1462 261 non
1481 228 1641 265 interire
1672 231 1747 265 nisi
1773 231 1878 267 edito

354 298 504 333 effectu.
544 294 668 341 Atqui
691 306 720 329 a·
747 305 899 340 quoque
924 294 1092 340 acquirit
1115 293 1354 330 celeritatem
1381 304 1457 340 qua
1475 294 1657 330 ascendat
1679 297 1727 332 ad
1751 310 1771 332 e
1792 299 1879 333 alti-

427 396 434 403 ,
808 361 871 395 dd
882 360 902 394 b
1355 395 1362 402 ,
1783 363 1846 398 dd
1858 363 1878 397 b

351 395 541 432 tudinem.
593 396 693 440 Ergo
716 405 789 436 a-2-
802 408 896 453 Το-
912 405 1009 431 =x.
1062 394 1159 431 Cum
1183 405 1271 439 ergo
1295 394 1364 430 tali
1393 393 1563 441 pondere
1583 406 1670 429 x:
1683 406 1707 429 a
1723 405 1760 435 -ι-
1803 432 1822 454 c
1835 432 1855 454 0

349 496 474 544 posito
499 496 695 541 utrimque
713 495 755 529 in
774 500 951 530 extrema
965 495 1073 540 virga
1087 519 1097 538 ‚
1125 495 1191 531 fiat
1210 500 1336 530 motus
1354 495 1474 531 librae
1496 496 1711 542 impressus
1727 495 1878 530 actione

347 564 529 610 ponderis
555 563 585 600 C
612 574 733 609 aeque
758 563 857 599 celer
892 575 937 599 ac
964 563 1085 599 librae
1111 572 1161 598 ex
1199 562 1436 609 ponderibus
1478 563 1530 604 E,
1549 563 1606 605 D,
1622 563 1674 604 F,
1690 562 1745 604 G,
1777 571 1878 596 com-

347 631 520 678 positae,
547 630 669 678 idque
701 641 858 666 emenso
885 642 974 666 arcu
1005 630 1140 677 quovis
1173 629 1284 673 EH,
1329 630 1504 676 sequitur
1538 635 1641 665 totas
1676 628 1877 673 utriusque

347 699 466 734 librae
496 698 722 733 librationes
749 698 887 733 iisdem
909 698 1148 745 temporibus
1183 697 1346 734 absolvi.
1400 698 1499 733 Sunt
1522 703 1652 732 autem
1680 696 1800 730 librae
1828 704 1878 729 ex

349 764 586 813 ponderibus
612 765 714 800 binis
744 777 773 799 a:
809 766 1040 811 compositae
1075 765 1299 800 librationes
1328 773 1461 799 omnes
1492 764 1727 799 isochronae.
1780 762 1879 807 Ergo

348 838 387 867 et
407 831 525 866 librae
554 831 788 877 compositae
809 842 857 866 ex
881 832 913 866 E
927 855 937 873 ‚
954 831 990 867 D
1006 856 1015 874 ‚
1030 831 1062 868 F
1076 856 1086 874 ‚
1101 831 1147 868 G.
1198 832 1300 877 Ergo
1321 831 1641 877 qualitercunque
1666 828 1877 874 composita

345 897 466 940 libra,
493 896 704 933 dummodo
725 897 981 943 aequilibrata
995 921 1004 939 ,
1032 897 1210 944 aequalia
1234 902 1409 945 tempora
1429 896 1729 932 oscillationibus
1750 895 1878 939 signa-

350 964 407 1000 bit
428 976 545 1011 opera
570 964 752 1011 ponderis
778 964 820 1002 C.
836 980 855 1000 ν

399 1046 417 1065 ›>
450 1033 625 1068 Praestat
653 1032 765 1078 longe
792 1037 837 1067 ut
862 1032 1033 1078 gravitas
1061 1032 1182 1067 librae
1210 1037 1316 1074 tota,
1342 1035 1532 1076 quantum
1555 1034 1682 1076 potest
1704 1039 1726 1063 a
1748 1033 1880 1064 centro

346 1104 602 1131 removeatur.
656 1097 720 1131 Fit
747 1097 852 1131 enim
875 1098 1022 1140 levior,
1057 1103 1240 1132 manente
1282 1096 1565 1131 oscillationum
1591 1101 1777 1141 tempore.
1827 1095 1877 1129 Et

349 1168 523 1199 centrum
547 1160 769 1205 gravitatis,
797 1170 846 1192 ex
862 1161 962 1192 libra
995 1166 1034 1192 et
1052 1160 1220 1202 pondere
1247 1160 1275 1192 C
1293 1166 1492 1202 tamquam
1515 1159 1558 1192 in
1583 1159 1613 1193 B
1634 1160 1755 1203 posito
1778 1169 1876 1194 com-

346 1229 540 1275 positum,
567 1227 609 1261 fit
632 1223 808 1270 ampliori
835 1222 1021 1258 distantia
1047 1222 1095 1258 ab
1114 1223 1192 1259 A.»

396 1310 415 1330 »
445 1297 467 1328 4
505 1294 639 1330 Librae
677 1292 719 1326 in
766 1291 802 1327 D
854 1290 959 1327 idem
1000 1296 1153 1336 tempus
1198 1288 1413 1335 producunt
1453 1287 1554 1334 quod
1588 1291 1604 1322 1
1642 1289 1739 1324 libra
1777 1290 1818 1324 in
1848 1291 1878 1325 E

346 1362 534 1397 distantia
553 1360 681 1406 dupla.
697 1374 715 1394 »

395 1427 505 1471 Quod
543 1437 634 1462 vero
660 1425 709 1461 ad
738 1424 937 1461 commoda
962 1425 1129 1468 attinet,
1168 1425 1308 1471 quibus
1335 1424 1432 1460 haec
1465 1434 1534 1459 sna
1560 1423 1657 1459 libra
1679 1424 1878 1459 isochrona

346 1494 516 1541 pendulo
535 1499 773 1539 praestaret,
806 1492 854 1527 de
886 1492 945 1528 his
970 1493 1026 1528 ita
1047 1493 1240 1539 loquitur:

393 1576 412 1596 2>
443 1561 502 1598 Un
521 1559 589 1595 des
612 1559 753 1605 grands
775 1558 928 1594 defauts
951 1559 1000 1594 de
1025 1559 1227 1605 l'horologe
1253 1560 1275 1593 a
1297 1557 1466 1604 pendule
1488 1556 1708 1603 suspendue
1732 1557 1828 1592 dans
1842 1558 1878 1592 le

347 1627 524 1664 vaisseau
547 1625 660 1659 estoit
688 1635 761 1670 que
786 1624 824 1660 la
847 1624 948 1659 force
971 1624 1024 1659 du
1049 1624 1217 1670 pendule
1252 1624 1397 1658 causoit
1424 1635 1475 1658 un
1503 1625 1602 1669 petit
1627 1631 1878 1659 monvement

345 1694 367 1730 a
391 1700 498 1728 toute
535 1691 712 1736 l’horloge
729 1717 738 1733 ‚
780 1697 819 1725 et
845 1691 926 1726 cela
954 1691 1040 1736 plus
1075 1701 1123 1725 ou
1152 1689 1301 1732 1noinS‚
1339 1689 1443 1724 selon
1469 1690 1507 1725 la
1531 1688 1667 1725 liberte
1696 1688 1763 1723 des
1785 1700 1877 1724 axes

346 1761 393 1796 de
429 1759 571 1795 chassis
609 1758 657 1793 de
694 1757 774 1800 fer,
809 1757 897 1793 d'osi
935 1757 1097 1793 naissait
1137 1756 1185 1792 (le
1219 1755 1423 1803 l'inegalite
1469 1767 1549 1791 aux
1582 1755 1732 1791 heures.
1787 1755 1876 1791 Cela

347 1828 479 1863 n'aura
503 1826 612 1872 point
635 1825 711 1860 lieu
738 1825 798 1870 icy
813 1850 823 1868 ‚
855 1824 987 1870 quand
1009 1835 1155 1859 mesme
1178 1823 1215 1858 la
1244 1823 1353 1858 boule
1378 1823 1410 1857 A
1425 1846 1435 1864 ,
1469 1821 1536 1867 qui
1563 1827 1621 1856 est
1638 1821 1876 1867 transportee

348 1894 435 1928 d'un
461 1892 561 1927 coste
582 1891 604 1927 a
635 1892 792 1934 l'autre,
828 1891 1043 1938 produiroit
1071 1891 1234 1937 quelque
1263 1900 1339 1935 peu
1365 1888 1412 1923 (le
1438 1894 1686 1923 mouvement
1719 1886 1742 1923 a
1766 1888 1878 1922 l'hor-

345 1962 440 2006 loge.
492 1959 566 1995 Car
610 1959 646 1994 le
692 1959 884 1995 balaucier
922 1959 994 1993 fait
1034 1969 1094 1993 ses
1130 1964 1235 1992 tour-s
1272 1956 1397 2001 egaux
1432 1965 1608 2000 ququue
1638 1964 1703 1990 son
1747 1962 1879 1989 centro

346 2028 489 2072 change
518 2024 566 2060 de
597 2025 715 2070 place.
751 2039 768 2059 »

396 2108 414 2127 »
442 2094 558 2129 Outre
585 2092 664 2127 cela
689 2102 736 2126 on
765 2102 814 2127 ne
838 2092 998 2138 pouvoit
1019 2102 1058 2126 se
1074 2091 1199 2127 servir
1222 2089 1317 2125 dans
1336 2088 1370 2123 lc
1387 2088 1562 2123 vaisseau
1585 2097 1657 2131 que
1673 2085 1761 2119 d'un
1782 2096 1875 2131 pen-

348 2160 435 2196 dule
461 2165 566 2195 court
594 2159 641 2194 de
670 2161 715 2194 10
728 2169 867 2205 pouces
891 2170 940 2196 ou
961 2159 1144 2201 environ,
1180 2157 1276 2193 mais
1311 2155 1359 2190 (le
1379 2160 1478 2189 cette
1502 2152 1679 2189 nouvelle
1700 2152 1873 2188 inaniore
