2051 2648
969 130 1075 175 (4)

306 242 324 262 >›
356 228 426 263 Dit
450 227 483 261 is
509 236 601 262 voor
631 236 700 260 zoo
718 224 806 261 veel
836 230 1000 269 aangaet
1024 224 1072 260 de
1099 223 1258 269 regulen
1281 232 1359 259 van
1376 223 1589 262 Cardanus.
1640 227 1777 263 Indien

252 293 405 330 UWEd.
426 294 526 339 nogh
545 292 629 328 niet
653 291 856 339 gevonden
883 292 1008 334 heeft,
1042 297 1099 327 tot
1121 297 1203 327 wat
1220 289 1365 326 middel
1381 303 1471 327 men
1488 293 1604 329 soude
1626 294 1783 329 konnen

252 360 438 405 geraeken
466 365 523 394 tot
546 359 610 395 die
633 370 710 395 van
738 357 931 395 Cartesius
950 383 961 400 ‚
996 357 1176 394 dewelke
1204 357 1247 392 in
1276 357 1400 404 plaets
1427 368 1506 393 van
1534 359 1580 393 de
1605 360 1783 406 aequatie

249 431 701 474 x4÷pxx÷qx÷r
738 426 829 461 stelt
854 425 1309 472 y⁶÷2py⁴÷ppyy
1329 436 1474 471 -qq‚
1515 424 1580 459 ick
1618 427 1671 461 sal
1699 427 1783 462 het-

250 492 353 527 selve
379 491 517 527 meede
557 503 696 538 gaerne
735 501 808 527 aan
845 490 955 528 UEd.
994 490 1338 526 communiceeren.
1391 490 1438 524 In
1465 490 1532 524 het
1553 489 1784 536 doorreysen

248 558 323 593 heb
355 558 417 593 ick
457 558 656 593 laestmael
704 559 765 592 Pr.
801 557 967 592 Schoten
1006 556 1054 591 de
1088 555 1315 600 difficulteyt
1349 556 1581 601 voorgestelt
1619 568 1693 592 van
1735 556 1783 592 de

249 635 414 659 cromme
441 623 534 658 linie
558 634 636 659 van
660 621 877 663 Cartesius‚
904 621 976 657 hoe
1004 621 1071 657 dat
1096 620 1254 657 dezelve
1281 621 1324 655 in
1360 622 1384 655 6
1409 621 1584 666 plaetsen
1610 633 1687 657 van
1711 634 1783 658 een

247 689 365 725 cirkel
384 690 500 725 soude
519 689 676 724 konnen
701 688 962 724 doorsneeden
991 687 1170 733 worden3
1194 688 1372 724 dewelke
1395 698 1460 733 my
1487 694 1543 723 tot
1564 689 1784 725 andtwoort

251 758 340 804 gaf,
368 756 476 792 sulks
490 754 645 800 eertyds
669 754 847 800 beproeft
867 767 916 790 en
943 767 1052 791 waer
1071 755 1276 802 gevonden
1297 761 1336 790 te
1359 755 1523 791 hebben.
1576 754 1682 792 UEd.
1705 756 1783 791 kan

244 825 422 860 hetzelve
464 822 557 857 oock
596 821 804 865 lightelyck
842 822 1139 864 examineeren,
1176 821 1363 857 stellende
1417 833 1491 857 een
1530 823 1710 868 aequatio
1742 823 1783 857 in

247 891 424 928 dewelke
446 901 475 924 x
499 892 523 924 6
542 887 830 933 verscheydene
861 900 990 923 waere
1015 888 1287 934 quantiteyten
1310 888 1516 924 beteekent
1537 914 1546 931 ‚
1574 889 1628 924 als
1661 892 1678 924 1
1698 914 1708 932 ‚
1733 890 1757 923 2
1772 914 1781 931 ‚

242 962 291 1001 3,
311 962 359 1000 4,
385 960 426 1001 5,
453 958 489 991 6.
553 956 632 991 Dat
671 955 705 989 is
754 956 985 996 ,v—1=o‚
1034 954 1131 990 item
1157 955 1388 997 :c—2=0‚
1415 954 1514 989 ende
1538 966 1601 990 soo
1627 962 1782 998 voorts‚

245 1025 343 1061 ende
371 1024 463 1060 alles
488 1022 580 1057 door
613 1021 843 1057 malkander
870 1020 1244 1066 multipliceerende.
1309 1020 1514 1057 Alhoewel
1545 1021 1607 1056 ick
1644 1033 1783 1067 meyne

246 1093 313 1128 dat
343 1103 434 1127 men
459 1089 642 1134 sommige
663 1088 732 1123 der
754 1088 1002 1123 intersectien
1026 1088 1201 1134 quaelick
1223 1093 1328 1123 moet
1353 1088 1516 1124 konnen
1536 1087 1780 1126 bemereken.

245 1158 481 1196 Hiermeede
527 1155 767 1202 eyndigende
811 1165 860 1190 en
888 1154 1194 1201 verwaghtende
1220 1159 1302 1189 met
1341 1154 1445 1190 UEd.
1481 1153 1701 1190 andtwoort
1735 1156 1782 1191 de

247 1224 523 1263 demonstratie
552 1233 740 1258 waervan
769 1222 928 1267 geseght
954 1232 1058 1263 was,
1085 1221 1199 1264 blyve
1215 1235 1233 1255 »
1267 1224 1338 1254 etc.

292 1293 354 1329 Ex
394 1291 455 1326 his
496 1289 628 1333 itaque
663 1288 836 1333 epistolis
878 1287 970 1322 satis
1004 1296 1197 1330 superque
1230 1291 1406 1318 constare
1450 1286 1561 1320 nobis
1598 1286 1778 1331 videtur,

246 1359 372 1395 dictae
407 1354 592 1391 formulae
625 1351 1019 1393 demonstrationem,
1073 1349 1350 1396 perspicuitate
1384 1354 1422 1384 et
1448 1350 1639 1396 elegantia
1676 1364 1785 1399 prae-

246 1425 447 1462 cellentem
464 1447 473 1465 ‚
495 1419 720 1466 Hugenium
745 1429 897 1464 quoque
923 1424 1118 1454 auctorem
1142 1416 1334 1452 habuisse.
1363 1416 1415 1464 (²)

295 1492 475 1529 Ceterum
519 1488 614 1523 D¹¹¹¹¹.
643 1485 690 1520 de
714 1485 781 1520 Bie
809 1485 852 1520 in
886 1484 1178 1530 disciplinarum
1213 1483 1374 1519 historia
1400 1483 1531 1519 minus
1556 1486 1748 1532 cognitum
1770 1513 1779 1530 ‚

246 1558 350 1596 haud
390 1557 544 1591 infimae
568 1560 682 1588 notae
713 1551 1033 1587 mathematicum
1071 1550 1190 1585 fuisse
1219 1561 1268 1585 ex
1297 1550 1346 1585 iis
1374 1550 1569 1596 conjicies,
1597 1563 1695 1598 quae
1733 1554 1781 1589 de

248 1637 292 1662 eo
320 1621 572 1669 sequentibus
603 1618 733 1654 verbis
766 1623 931 1653 testatus
969 1622 1027 1653 est
1054 1617 1259 1664 Hugcnius
1286 1616 1328 1652 in
1350 1617 1511 1663 epistola
1541 1618 1590 1653 ad
1616 1619 1710 1654 D¹¹¹¹¹.
1734 1619 1780 1655 de

245 1691 427 1739 Vogelaer
455 1691 471 1723 l
498 1687 584 1724 Jan.
606 1686 712 1722 1653.
749 1685 800 1734 (2)

294 1774 313 1794 υ
346 1758 449 1793 Βοοι·
474 1754 585 1789 deese
603 1751 840 1798 ingeslotene
869 1751 986 1787 sende
1010 1750 1073 1786 ick
1098 1757 1185 1796 yets
1210 1762 1302 1786 onse
1320 1750 1440 1786 kunst
1460 1752 1682 1798 aengaende
1709 1765 1782 1789 aan

245 1827 309 1864 Mt·
327 1825 375 1861 de
391 1824 458 1860 Bie
479 1847 488 1864 ‚
515 1819 689 1856 hetwelk
712 1818 774 1853 ick
797 1818 887 1853 hem
910 1818 1108 1854 laestmael
1145 1817 1288 1853 belooft
1313 1817 1441 1853 hadde
1456 1843 1466 1860 ,
1496 1829 1604 1854 waer
1622 1825 1778 1865 teegens

234 1934 1784 1953 --—--—-——-———·--———---—-——

300 2021 345 2058 (1)
365 2019 490 2047 Eandem
510 2017 591 2054 hujus
616 2014 748 2042 forumlae
766 2013 1030 2041 demonstrationem
1044 2013 1128 2041 etiam
1140 2013 1194 2041 alio
1207 2013 1268 2042 loco
1290 2013 1353 2051 ipsa
1377 2012 1503 2052 Hugenii
1528 2023 1612 2043 manu
1636 2015 1763 2054 descrip-

258 2080 315 2106 tam
334 2075 451 2107 inveni,
474 2084 513 2102 sc.
539 2073 568 2101 in
580 2073 659 2110 parte
676 2069 826 2108 posteriori
845 2069 930 2096 libelli
961 2070 987 2097 iu
1008 2068 1142 2108 Catalogo
1166 2071 1214 2098 n0.
1236 2071 1271 2098 17
1300 2070 1448 2108 insigniti,
1482 2071 1528 2099 cui
1550 2070 1623 2100 hunc
1655 2071 1767 2100 titulum

257 2132 382 2173 praefin't
408 2130 573 2168 Hugenius:
590 2127 736 2167 puerilia
750 2126 915 2164 pleraque.

297 2191 342 2228 (²)
363 2188 464 2217 Exstat
489 2187 555 2215 haec
580 2185 663 2223 epist.
684 2185 711 2212 iu
733 2183 803 2212 libro
824 2182 860 2210 K.
881 2182 910 2210 3.
935 2190 964 2219 p.
989 2182 1035 2209 72.
