2051 2648
803 140 930 189 (89)

153 240 229 276 Sed
255 239 345 286 quia
375 248 525 284 semper
559 241 711 272 tantum
734 248 851 273 unam
884 237 913 272 d
936 237 1101 284 amplius
1132 238 1360 284 auferendo,
1386 242 1510 278 oritur
1527 245 1630 278 s-d

99 307 304 353 multiplex
354 318 423 353 per
462 316 665 340 numerum
699 310 983 350 competentem
1024 306 1300 352 progressionis
1334 310 1372 350 1,
1408 309 1453 351 2,
1492 313 1538 352 4,
1582 313 1627 353 8,

102 375 146 408 16
174 380 247 409 etc.
273 383 311 412 -ξ-
332 373 376 415 d,
423 371 450 407 cl
474 377 603 407 autem
647 372 798 406 infinite
838 382 1004 418 parvum
1035 373 1079 407 fit
1114 379 1293 419 respectu
1330 375 1557 422 multiplicis
1591 389 1628 422 ⁸3

98 441 188 476 hinc
220 445 329 486 patet
362 439 615 485 multiplicem
650 438 780 481 s-d‚
819 449 887 474 seu
915 438 1144 482 msc—md,
1184 439 1343 475 tandem
1370 442 1490 489 accipi
1521 454 1629 490 posse

102 520 170 555 pro
199 519 236 541 m
249 519 326 541 ε-
340 519 378 540 m
391 506 464 545 (1-1-
479 506 507 540 d
547 508 613 552 (m
624 516 808 541 numerus
845 505 956 540 seriei
993 510 1008 542 l
1026 531 1036 549 ‚
1051 507 1096 548 2,
1112 508 1134 539 4
1148 529 1159 548 ,
1174 508 1194 540 8
1209 533 1219 550 ,
1238 509 1283 543 16
1296 531 1308 549 ,
1329 507 1439 555 etc.).
1494 511 1630 556 Itaque

99 575 131 609 si
157 574 277 611 velim
321 583 538 619 comparare
565 573 736 618 primum
763 583 953 606 summam
979 573 1194 608 secantium
1211 573 1259 608 ad
1279 574 1419 619 gradus
1433 575 1602 621 integros
1620 604 1629 619 ,

98 653 185 678 cum
209 650 358 676 summa
371 637 532 673 totidem
547 638 739 674 radiorum
754 663 764 681 ‚
791 638 866 673 erit
884 649 1015 673 earum
1039 640 1136 674 ratio
1159 645 1203 674 ut
1216 651 1236 673 s
1263 639 1311 676 ad
1325 652 1351 674 n
1365 653 1388 674 r
1403 667 1412 684 ‚
1432 642 1631 690 (ponendo

101 721 178 743 s=
199 718 394 749 summae,
427 717 510 739 r=
537 705 670 746 radio,
706 717 792 739 n:
812 716 975 741 numero
1001 705 1190 750 graduum
1212 706 1254 741 in
1280 718 1368 743 arcu
1395 709 1629 757 proposito.)

99 776 154 812 At
179 776 211 809 si
233 774 352 810 velim
384 785 604 820 comparare
634 783 825 808 summam
860 773 1073 808 secantium
1112 773 1160 808 ad
1191 773 1342 808 infinite
1377 786 1513 821 parvas
1544 787 1630 822 par-

101 842 239 878 ticulas
263 841 475 887 graduum,
513 852 602 877 cum
639 851 789 876 summa
815 840 977 876 totidem
1007 839 1226 883 radiorum,
1263 852 1397 876 earum
1434 843 1531 877 ratio
1558 844 1632 878 erit

98 911 273 957 proxime
300 921 396 955 quae
419 909 626 943 ms—md
649 908 699 944 ad
725 896 859 950 amr,
893 908 962 943 hoc
998 913 1056 942 est
1082 919 1179 953 quae
1209 908 1324 942 2—11
1347 920 1396 944 an
1419 921 1507 951 nr,
1539 921 1624 945 cum

100 977 242 1023 alioqui
261 977 360 1012 ratio
385 976 461 1010 ista
487 981 587 1010 esset
621 981 661 1010 ut
687 986 706 1008 S
736 974 784 1009 ad
813 986 886 1010 nr.

148 1044 286 1090 Itaque
310 1054 395 1078 cum
429 1042 478 1077 ad
505 1054 634 1078 arcum
674 1044 739 1077 450
782 1052 932 1076 summa
966 1041 1178 1076 secantium
1207 1041 1255 1076 ad
1292 1042 1433 1086 gradus
1458 1043 1629 1088 singulos

102 1123 169 1147 seu
195 1123 239 1153 s,
274 1111 325 1145 sit
349 1111 513 1146 inventa
536 1109 754 1144 507081503
789 1106 837 1142 ad
867 1107 1000 1142 datum
1029 1107 1181 1142 radium
1214 1108 1432 1150 10000000,
1473 1115 1513 1145 et
1544 1110 1630 1145 toti-

99 1178 188 1214 dem
227 1176 328 1211 radii
365 1175 508 1211 faciant
547 1175 920 1214 450000000=nr‚
961 1173 989 1206 d
1024 1179 1153 1208 autem
1185 1183 1253 1206 seu
1277 1177 1297 1215 ἐ
1333 1174 1410 1209 DC
1456 1182 1547 1212 tunc
1583 1178 1633 1212 sit

100 1244 289 1284 20710683
338 1240 450 1275 siah
487 1250 505 1272 S
552 1237 750 1273 auferatur
804 1238 899 1271 haec
941 1236 989 1277 d,
1034 1238 1100 1271 fiet
1138 1238 1380 1281 505010435,
1433 1251 1531 1286 quae
1581 1245 1630 1278 ad

102 1308 324 1344 450000000
358 1306 532 1352 proxime
563 1305 748 1350 majorem
790 1303 981 1338 rationem
1004 1303 1225 1345 habebunt,
1252 1315 1369 1349 quam
1398 1316 1550 1343 summa
1572 1321 1629 1344 se-

103 1374 274 1410 cantium
306 1372 557 1408 crescentium
587 1383 674 1406 cum
703 1369 876 1405 minimis
904 1369 1103 1416 particulis
1126 1369 1314 1416 graduum
1351 1382 1470 1418 usque
1503 1374 1551 1409 ad
1583 1379 1627 1411 45

103 1440 242 1487 gradus
272 1440 321 1475 ad
344 1451 533 1475 summam
561 1438 721 1474 totidem
749 1437 958 1473 radiorum.

151 1506 226 1543 Sed
254 1506 379 1542 adhuc
406 1506 563 1552 propius
583 1504 809 1541 accedemus
824 1529 834 1547 ‚
868 1504 900 1538 si
918 1503 968 1538 sit
990 1515 1009 1537 s
1024 1513 1173 1538 summa
1198 1504 1412 1540 secantium
1427 1507 1476 1541 ad
1499 1507 1626 1554 singu-

112 1575 166 1609 los
197 1572 378 1608 dimidios
393 1572 556 1618 gradus,
586 1582 700 1617 quam
722 1571 946 1607 invenimus
975 1569 1171 1606 additione
1192 1580 1240 1604 ex
1266 1571 1342 1606 tab.
1368 1573 1522 1608 sinuum
1547 1586 1628 1612 esse

106 1640 369 1683 1012061091‚
420 1644 514 1673 tunc
549 1637 653 1673 enim
707 1649 734 1671 n
753 1650 799 1671 =
819 1638 890 1680 90,
928 1642 968 1672 et
1005 1649 1032 1670 n
1054 1648 1078 1669 r
1101 1648 1148 1669 -·-·
1170 1637 1392 1680 90000000,
1438 1645 1478 1674 et
1515 1642 1628 1676 s—d

103 1707 394 1742 :100999023.
446 1705 610 1750 Eritque
641 1704 739 1738 ratio
775 1714 948 1739 summae
975 1703 1184 1738 secantium
1225 1702 1273 1738 ad
1302 1704 1479 1741 minimas
1502 1709 1627 1753 parti-

105 1774 206 1809 culas
241 1772 427 1819 graduum
466 1771 515 1807 ad
558 1782 748 1805 summam
781 1770 943 1806 totidem
987 1770 1182 1806 radiorum
1219 1769 1392 1814 proxime
1434 1774 1556 1819 maJ’or
1588 1782 1629 1810 ut

108 1841 342 1882 1009990023
376 1838 424 1875 ad
456 1838 698 1880 900000000,
736 1837 806 1874 hoc
833 1842 890 1872 est
913 1842 956 1872 ut
988 1836 1206 1872 504995012
1231 1834 1280 1870 ad
1317 1839 1546 1876 450000000,
1568 1855 1586 1875 »
