2051 2648
991 131 1124 180 (32)

303 230 436 266 eodem
473 230 550 264 situ
573 227 760 265 manebit.
811 226 865 262 At
894 228 978 274 jam
1009 238 1087 262 non
1119 227 1285 274 amplius
1314 227 1445 264 baculo
1472 239 1596 275 neque
1624 234 1764 275 puncto
1794 229 1822 264 B

301 297 490 331 innitetur
505 320 514 337 ,
537 294 605 330 sed
638 304 867 340 suspensum
882 293 954 329 erit
976 304 1024 329 ex
1044 294 1204 330 funibus
1222 294 1255 329 E
1270 294 1305 329 D
1320 317 1330 336 ‚
1351 293 1444 338 FC;
1462 299 1500 328 et
1521 295 1561 329 hi
1584 295 1759 340 producti
1782 295 1824 329 in

301 362 470 409 pendula
497 360 700 407 gravitatis
734 360 922 395 diametro
954 372 994 395 se
1018 361 1265 396 intersecant.
1328 360 1435 404 Quod
1463 365 1544 396 erat
1570 362 1820 406 probandum.

348 428 532 474 Sequitur
569 437 618 461 ex
659 427 728 462 hoc
760 427 1022 468 theoremate,
1081 427 1112 461 si
1150 428 1242 474 (fig.
1269 426 1340 470 14)
1377 427 1420 461 in
1454 426 1547 462 fune
1586 425 1821 469 EDACF,

298 506 400 530 nexa
423 495 500 530 sint
525 493 695 540 pondera
729 494 761 529 G
790 499 829 529 et
864 493 904 530 H
933 493 1133 539 aequalia,
1166 494 1208 527 in
1235 493 1390 539 punctis
1417 493 1453 528 D
1477 498 1516 527 et
1541 492 1595 534 C,
1627 492 1722 528 haee
1746 504 1823 529 non

296 572 406 607 posse
430 561 507 595 ullo
533 560 609 594 situ
641 559 810 605 pendere
826 584 835 601 ,
875 559 951 593 nisi
978 565 1021 594 ut
1047 559 1254 605 productae
1287 559 1392 601 ED,
1422 558 1498 594 FC
1530 564 1758 593 concurrant
1783 559 1824 593 in

297 628 432 663 eodem
459 632 606 673 puncto
634 626 687 668 B,
728 625 830 672 quod
857 626 898 660 in
924 637 1055 661 eorum
1092 625 1262 672 pendula
1295 625 1495 671 gravitatis
1534 624 1722 659 diametro
1748 625 1822 667 sit,

298 706 397 739 quae
432 693 643 733 diameter,
672 693 703 726 si
731 691 904 737 pondera
934 692 1111 739 aequalia
1136 692 1235 733 sint,
1261 697 1364 726 secat
1399 696 1550 736 partem
1575 690 1681 725 funis
1703 691 1825 726 inter-

290 762 437 806 jectam
476 760 582 793 inter
610 757 826 804 ponderum
865 758 1047 803 ligaturas
1085 759 1146 800 D,
1174 758 1227 800 C,
1264 759 1305 792 in
1341 757 1437 792 duas
1463 756 1641 802 aequales
1668 763 1820 803 partes;

295 827 327 860 si
352 832 482 861 autem
507 825 544 860 D
567 825 693 871 majus
717 830 818 858 esset
843 824 902 866 H,
924 831 1069 860 secaret
1087 825 1212 870 ipsam
1239 825 1274 859 D
1289 824 1317 859 C
1332 848 1341 866 ‚
1365 823 1422 858 ita
1448 829 1490 858 ut
1516 823 1653 869 parsA
1669 824 1702 858 D
1721 830 1821 859 esset

295 893 343 928 ad
370 892 520 939 pondus
545 890 606 935 H,
635 898 677 926 ut
704 902 793 937 pars
817 890 894 927 Ac
921 892 969 926 ad
995 891 1145 937 pondus
1170 891 1214 926 G.

346 959 387 994 Si
416 958 518 993 enim
539 956 620 993 DC
652 956 821 1002 rigidum
849 964 1112 1004 supponatur,
1136 963 1296 1003 apparet
1320 968 1368 993 ex
1393 957 1644 1004 praecedenti
1673 957 1824 992 theore-

296 1032 399 1062 mate
422 1036 500 1059 non
526 1034 636 1069 posse
662 1023 833 1068 pondera
858 1024 932 1058 alio
958 1023 1035 1059 situ
1050 1033 1236 1069 suspensa
1259 1034 1415 1059 manere
1431 1049 1441 1066 ‚
1458 1024 1534 1058 nisi
1549 1030 1590 1058 ut
1607 1025 1640 1058 E
1656 1024 1690 1058 D
1703 1047 1712 1065 ‚
1726 1023 1758 1059 F
1769 1024 1799 1059 C
1813 1049 1823 1065 ‚

297 1091 505 1140 productae
528 1089 759 1125 conveniant
772 1089 813 1122 in
834 1088 966 1123 eodem
982 1095 1124 1137 puncto
1149 1100 1234 1125 cum
1258 1091 1459 1135 gravitatis
1481 1089 1695 1133 diametro3
1720 1095 1759 1124 at
1780 1090 1821 1123 in

256 1148 259 1151 Δ
299 1171 343 1194 eo
369 1159 446 1193 situ
473 1169 549 1192 non
582 1163 807 1196 manerent,
839 1155 915 1190 nisi
937 1166 1067 1190 eorum
1088 1162 1260 1191 centrum
1291 1156 1494 1202 gravitatis
1516 1156 1548 1191 A
1572 1161 1664 1190 tune
1690 1161 1821 1190 centro

296 1233 445 1268 terrae,
465 1234 581 1270 quam
608 1221 782 1269 proxime
813 1226 963 1267 potest,
993 1221 1192 1256 admotum
1222 1228 1343 1264 esset3
1371 1233 1459 1266 ergo
1483 1227 1521 1255 et
1546 1220 1634 1263 hic,
1657 1221 1721 1256 ubi
1744 1221 1820 1257 DC

296 1291 421 1338 rigida
455 1302 533 1326 non
563 1295 645 1330 est,
680 1287 745 1322 sed
780 1293 909 1323 tamen
942 1292 1052 1322 tensa
1099 1298 1273 1333 semper,
1311 1293 1353 1322 ut
1385 1293 1424 1321 et
1457 1287 1555 1321 aliae
1590 1287 1692 1330 ΕΒ,
1713 1285 1818 1329 FC,

298 1363 457 1405 apparet
482 1362 656 1391 centrum
679 1365 810 1389 eorum
841 1353 1045 1399 gravitatis
1071 1353 1105 1390 A
1127 1358 1258 1388 centro
1289 1360 1412 1389 terrae
1440 1353 1597 1398 propius
1620 1351 1818 1388 admoveri

293 1436 370 1460 non
403 1435 536 1471 posse,
573 1434 614 1457 ac
640 1420 801 1467 proinde
829 1431 980 1466 quoque
1007 1419 1203 1466 praedicto
1245 1421 1322 1456 situ
1353 1430 1537 1466 suspensa
1567 1429 1723 1455 manere
1753 1419 1818 1454 de-

297 1494 398 1528 bere.

344 1562 496 1605 propos.
528 1559 583 1593 2³.
634 1557 854 1603 Propositus
889 1568 991 1592 nunc
1031 1558 1080 1593 sit
1118 1558 1199 1604 (fig.
1228 1555 1299 1602 15)
1329 1556 1433 1591 funis
1468 1554 1626 1596 ADG,
1662 1555 1703 1588 in
1742 1565 1816 1600 quo

294 1625 518 1672 aequatibus
545 1622 761 1659 intervallis
791 1623 908 1669 ligata
935 1629 1025 1658 sunt
1051 1623 1225 1669 aequalia
1254 1621 1437 1669 pondera.

340 1691 587 1729 Manifestum
601 1690 731 1736 itaque
758 1695 816 1724 est
832 1714 841 1731 ‚
867 1701 912 1726 eo
937 1690 1015 1726 situ
1037 1702 1082 1726 ea
1095 1690 1265 1737 pendere
1286 1689 1424 1724 debere
1440 1713 1450 1730 ,
1478 1693 1519 1723 ut
1534 1688 1624 1722 bina
1638 1697 1811 1734 quaeque

295 1757 538 1799 internodia,
569 1756 700 1791 relicto
715 1768 791 1791 uno
816 1756 1067 1800 intermedio,
1096 1756 1280 1803 producta
1303 1767 1385 1791 sese
1404 1756 1639 1791 intersecent
1655 1753 1698 1788 in
1719 1765 1812 1800 pen-

290 1828 380 1862 dula
403 1826 565 1860 duorum
593 1824 806 1870 ponderum
834 1824 1036 1869 gravitatis
1069 1824 1271 1860 diametro.
1325 1824 1387 1860 Sic
1407 1823 1503 1865 BC,
1530 1821 1612 1857 ED
1645 1831 1729 1856 sese
1754 1821 1811 1855 in-

289 1898 479 1928 tersecant
504 1892 544 1925 in
567 1896 710 1936 puncto
734 1890 792 1932 N,
832 1889 932 1935 quod
964 1896 1022 1924 est
1042 1890 1084 1925 in
1109 1890 1279 1936 pendula
1304 1901 1359 1936 gr.
1384 1889 1571 1924 diametro
1596 1886 1809 1934 ponderum

289 1970 560 2007 suspensorum
581 1957 724 1993 exCet
751 1958 797 1994 D.
849 1956 1038 1992 Dicantur
1063 1958 1166 1992 enim
1186 1957 1215 1993 B
1230 1957 1259 1994 C
1286 1963 1325 1992 et
1349 1958 1380 1993 E
1396 1956 1432 1992 D
1457 1955 1624 1990 invicem
1650 1964 1726 1988 non
1753 1965 1810 1989 se-

288 2039 371 2063 care
385 2027 426 2060 in
439 2025 485 2062 N.
509 2024 549 2059 Si
562 2035 650 2068 ergo
663 2024 866 2058 firmentur
886 2029 1031 2069 puncta
1055 2025 1084 2060 B
1099 2030 1137 2059 et
1153 2025 1183 2060 E
1207 2025 1249 2059 in
1270 2023 1416 2060 eisdem
1436 2023 1608 2070 punctis,
1626 2022 1691 2057 ubi
1706 2033 1810 2057 nunc

286 2093 459 2141 pendent
474 2116 486 2135 ,
510 2092 580 2126 hoe
607 2089 763 2136 quidem
788 2090 905 2124 situm
925 2097 1153 2136 punctorum
1179 2091 1262 2128 Cet
1280 2091 1314 2126 D
1338 2091 1434 2126 nihil
1464 2089 1714 2133 immutabit5
1741 2089 1807 2124 sed

285 2160 444 2197 firmatis
468 2159 539 2201 iis,
568 2156 738 2204 pondera
763 2167 810 2192 ex
848 2157 877 2193 C
900 2164 938 2193 et
962 2159 992 2193 D
1015 2159 1127 2194 aliter
1152 2170 1225 2194 non
1261 2164 1421 2205 possunt
1447 2156 1651 2204 suspendi,
1693 2167 1808 2202 quam

1764 2228 1806 2256 ut
