2051 2648
812 139 964 187 (1⁷3)

160 237 262 272 inter
295 237 390 273 duas
427 238 550 273 datas.
601 237 688 271 Sint
715 246 775 272 ex.
806 248 859 281 gr.
896 238 923 271 P
939 238 990 278 1¹2,
1019 235 1050 279 Q
1063 237 1105 274 R.
1164 235 1393 271 Statuantur
1432 236 1481 272 ad
1513 247 1669 272 curvam

162 304 497 348 perpendiculares
514 303 561 337 iis
584 303 762 348 aequales
779 303 804 338 S
819 302 849 336 Τ
867 327 877 344 ,
901 302 1003 344 VX,
1026 309 1065 337 ct
1082 302 1330 338 intervallum
1354 301 1429 339 ΤΧ
1444 326 1455 345 ,
1484 312 1559 348 quo
1570 302 1674 336 inter

160 378 198 402 se
219 367 365 403 distant
379 393 388 410 ‚
404 368 603 404 dividatur
617 370 657 403 in
673 374 800 414 partes
812 367 1012 412 aequales,
1036 367 1113 402 una
1132 368 1257 412 plures
1280 378 1396 413 quam
1414 374 1506 414 quot
1526 366 1673 403 medias

159 433 391 477 quaerimus,
442 436 556 470 Velut
598 436 630 470 si
672 434 791 476 duas,
835 439 984 479 oportet
1019 433 1143 469 dividi
1170 434 1212 468 in
1239 440 1318 469 tres
1346 440 1499 480 partes,
1538 439 1582 468 ut
1612 432 1674 468 hic

158 499 312 543 punctis
355 501 474 543 Δ,Ζ,
505 513 526 535 e
555 501 694 546 quibus
723 500 880 535 eductae
916 499 963 534 ad
1010 500 1148 534 lineam
1188 499 1541 546 perpendicularem
1580 505 1668 540 ΔΓ,

155 563 250 606 ΖΥ,
285 571 399 599 erunt
423 565 573 600 mediae
608 566 705 601 duae
738 566 935 611 quaesitae
956 566 1058 599 inter
1083 565 1170 608 ST,
1203 566 1301 608 VX,
1339 566 1419 601 sive
1456 567 1556 607 LR,
1583 564 1671 608 QR.

156 629 263 672 Quod
285 630 396 665 facile
414 632 719 673 demonstratur,
758 632 848 676 quia
873 632 976 665 inter
1001 631 1036 666 X
1056 631 1106 673 V,
1146 631 1210 667 TS
1237 631 1340 666 cadit
1374 631 1490 665 series
1521 630 1676 664 infinita

160 696 500 740 proportionalium
518 708 566 732 ex
583 704 723 733 natura
747 698 871 732 lineae
884 721 894 739 ‚
927 708 1137 742 earumque
1164 697 1325 732 totidem
1344 697 1447 731 inter
1464 696 1500 731 X
1514 696 1544 731 V
1556 720 1566 738 ‚
1579 695 1606 730 Z
1623 694 1674 737 Y,

161 768 252 805 quot
287 762 391 796 inter
429 763 518 806 ZY,
544 776 606 804 ΔΓ
645 776 688 799 ac
723 765 826 799 inter
872 773 961 805 ΔΓ,
994 763 1084 808 '1⁸83
1128 763 1312 805 totidem,
1355 763 1540 809 inquam,
1585 762 1676 808 quia

157 834 286 872 partes
321 829 418 870 XZ,
445 830 537 872 ΖΔ,
561 830 636 866 ΔΤ
672 836 762 865 sunt
804 830 1009 876 aequales,
1053 831 1360 875 innumeraeque
1397 829 1488 864 illae
1520 839 1675 874 propor-

156 893 315 928 tionales
339 896 563 941 aequalibus
592 897 812 932 intervallis
844 908 866 931 a
890 906 931 930 so
956 901 1089 931 mutuo
1117 896 1276 931 distant.

202 959 281 994 TA
299 984 309 1001 ‚
339 960 376 997 X
391 961 445 1004 A,
471 962 770 998 considerandae
794 968 884 997 sunt
907 968 949 997 ut
979 962 1219 1007 Logarithmi
1248 962 1440 997 linearum
1461 960 1553 1003 TS,
1573 960 1674 1001 XV,

154 1031 192 1059 et
218 1025 469 1062 intervallum
492 1027 570 1063 ΤΧ
603 1033 646 1063 ut
670 1027 890 1063 differentia
924 1029 1252 1073 lugaritlunorum1
1302 1028 1538 1074 Ubicumque
1561 1026 1673 1062 binae

152 1091 489 1136 perpendiculares
515 1094 722 1129 intervallo
761 1094 896 1129 eodem
924 1095 1083 1129 ‹lissitae
1114 1100 1251 1134 erunt,
1287 1095 1486 1129 habebunt
1510 1092 1674 1127 eandem

151 1154 254 1188 inter
278 1165 317 1189 se
339 1155 541 1190 rationem.
593 1156 654 1190 Sic
673 1157 795 1190 sicubi
820 1157 918 1191 duae
943 1158 1159 1190 distiterint
1174 1157 1379 1189 intervallo
1399 1158 1552 1200 aequali
1569 1158 1603 1193 A
1616 1158 1645 1193 B
1661 1182 1670 1199 ‚

149 1230 281 1253 earum
305 1220 427 1264 major
455 1220 615 1254 minoris
639 1219 757 1265 dupla
780 1220 877 1261 erit,
902 1221 993 1265 quia
1014 1231 1153 1265 nempe
1179 1220 1246 1255 BF
1271 1226 1329 1255 est
1354 1220 1475 1266 dupla
1504 1222 1597 1259 ΑΚ.

198 1285 314 1319 Recta
336 1285 366 1318 R
387 1287 420 1319 A
442 1290 500 1318 est
519 1296 657 1320 curvae
684 1285 946 1331 Asymptotos.

196 1350 330 1395 Spatia
361 1349 436 1384 duo
477 1350 637 1395 quaevis
668 1362 690 1385 a
717 1351 815 1385 binis
867 1351 1248 1397 perpendicularibus
1281 1354 1495 1401 intercepta
1518 1380 1528 1398 ‚
1573 1366 1669 1402 quae

149 1416 375 1460 aequalibus
410 1416 624 1452 intervallis
672 1416 820 1452 distant
836 1442 846 1459 ,
887 1423 928 1452 ut
967 1424 1059 1452 sunt
1088 1419 1213 1463 spatia
1259 1419 1290 1454 T
1303 1420 1328 1454 S
1341 1430 1365 1459 r
1377 1432 1406 1460 A
1423 1446 1433 1464 ‚
1480 1420 1550 1456 YZ
1564 1422 1598 1457 X
1612 1422 1643 1456 V
1658 1446 1668 1464 ,

150 1492 235 1516 cam
258 1481 362 1516 inter
394 1493 433 1516 se
463 1482 648 1518 rationem
673 1483 840 1524 habent,
881 1493 995 1528 quam
1035 1485 1160 1529 major
1188 1485 1303 1520 unius
1338 1485 1668 1532 perpendicularis

146 1546 195 1581 ad
220 1549 405 1592 majorem
430 1549 784 1594 perpendicularem
809 1549 966 1584 alterius
982 1574 992 1592 ‚
1014 1550 1076 1585 vel
1103 1560 1221 1595 quam
1247 1551 1373 1586 minor
1395 1551 1446 1587 ad
1467 1552 1670 1589 minorem.

147 1613 342 1649 Facillime
375 1613 672 1652 demonstratur.

192 1680 368 1726 Spatium
404 1680 567 1726 quodvis
598 1693 621 1717 a
650 1681 751 1716 binis
796 1672 1206 1727 perpendicularibus
1233 1683 1490 1728 interceptum
1531 1689 1589 1719 est
1622 1685 1671 1720 ad

148 1747 314 1793 spatium
342 1746 523 1793 deinceps
539 1747 758 1782 decrescens
769 1747 812 1782 in
829 1748 1024 1783 infinitum
1039 1772 1049 1790 ‚
1072 1754 1115 1782 ut
1138 1747 1357 1784 differentia
1370 1749 1667 1794 perpendicula-

146 1813 246 1847 rium
261 1812 310 1847 ad
331 1813 687 1858 perpendicularem
704 1814 903 1852 minorem,
952 1814 1015 1849 Sic
1029 1814 1198 1860 spatium
1211 1813 1277 1850 ST
1290 1819 1319 1847 Δ
1329 1825 1350 1853 Γ
1367 1821 1425 1850 est
1439 1816 1487 1851 ad
1500 1818 1668 1862 spatium

144 1878 376 1917 infinitumr
390 1879 429 1914 ΙΙ
442 1879 476 1914 Κ
490 1887 563 1918 ΩΔ
584 1885 626 1915 ut
649 1879 674 1915 S
688 1891 715 1918 Θ
748 1879 796 1915 ad
814 1891 837 1918 Γ
854 1887 896 1918 Δ.
922 1880 963 1916 si
981 1881 1085 1916 enim
1110 1881 1336 1927 aequalibus
1356 1882 1572 1919 intervallis
1593 1885 1668 1930 ipsi

148 1945 218 1984 r’A
240 1943 524 1979 constituantur
546 1945 885 1991 perpendiculares
908 1945 978 1983 YZ
992 1971 1002 1988 ‚
1026 1949 1054 1982 V
1068 1947 1124 1990 X,
1153 1948 1217 1982 ΙΕ
1232 1972 1242 1990 ,
1280 1953 1353 1986 etc.
1384 1948 1426 1983 in
1449 1949 1670 1994 infinitum3

145 2008 235 2054 quia
248 2009 415 2053 spatium
429 2010 453 2045 S
468 2009 499 2044 T
512 2017 540 2045 Δ
551 2018 573 2045 Γ
598 2010 647 2046 ad
670 2012 837 2057 spatium
864 2016 887 2043 Γ
901 2012 929 2047 Ζ
949 2018 992 2047 ut
1008 2013 1034 2048 S
1046 2013 1077 2049 T
1097 2012 1145 2048 ad
1170 2018 1193 2046 Γ
1206 2020 1233 2049 Δ
1248 2038 1258 2056 ,
1284 2025 1353 2060 per
1370 2015 1542 2060 praeced.
1555 2040 1566 2057 ‚
1595 2016 1666 2051 hoc

142 2080 200 2109 est
216 2079 257 2109 ut
281 2074 344 2109 So
374 2074 424 2110 ad
450 2087 474 2115 r
489 2083 518 2110 A
533 2101 544 2119 ‚
576 2077 666 2122 quia
694 2084 772 2113 tres
795 2078 885 2123 ST,
908 2084 974 2117 ΓΔ
990 2103 1000 2121 ,
1033 2077 1101 2115 YZ
1137 2086 1228 2115 sunt
1264 2080 1568 2125 proportionales
1582 2094 1592 2125 3
1627 2088 1667 2116 et

139 2149 290 2183 rursus,
309 2141 477 2187 spatium
505 2143 568 2178 ΓΖ
592 2143 640 2178 ad
665 2142 743 2180 Yx
771 2145 870 2181 sicut
890 2150 958 2181 rA
985 2144 1034 2181 ad
1064 2145 1156 2188 Yn,
1195 2145 1360 2193 ideoque
1391 2146 1562 2193 spatium
1586 2147 1612 2184 S
1632 2159 1661 2187 Δ

1111 2210 1143 2247 Y
1170 2213 1192 2246 3
