2051 2648
1006 133 1133 178 (68)

295 240 412 278 prope
461 229 692 275 adaequare.
744 226 944 274 Temporis
982 232 1114 274 partes
1148 226 1353 273 capiantur
1384 227 1427 261 in
1462 233 1566 264 recta
1591 228 1634 264 B‘
1646 229 1692 266 N.
1719 228 1831 274 Quod

294 297 326 332 si
362 296 482 342 igitur
532 295 785 331 descenderet
822 305 957 342 corpus
999 295 1105 330 nullo
1150 296 1237 330 aere
1289 293 1521 337 resistente,
1569 303 1831 332 accrescerent

292 364 327 399 ei
361 362 572 398 celeritatis
614 367 744 408 partes
791 362 1000 410 aequales,
1047 361 1274 409 aequalibus
1309 360 1493 407 temporis
1543 362 1745 406 partibus,
1785 369 1829 398 ut

290 430 444 465 invenit
482 428 664 467 Galileus,
732 429 870 476 Itaque
916 429 1133 464 celeritates
1177 429 1233 464 ita
1269 428 1444 465 cadentis
1491 427 1664 463 referant
1706 431 1829 476 appli-

291 503 396 533 catae
435 497 478 532 in
516 497 709 543 triangulo
751 496 891 533 ANL'
926 496 1134 543 parallelae
1173 496 1285 533 NL‘:
1338 496 1465 542 sitque
1515 496 1692 531 celeritas
1738 496 1826 532 L‘N

292 564 480 610 acquisita
508 571 679 611 tempore
705 564 746 600 B‘
762 564 816 608 N,
844 564 991 610 corpori
1015 575 1155 610 nempe
1180 574 1257 598 non
1282 562 1495 610 impedit03
1523 574 1640 609 quam
1665 561 1829 598 eandem

289 630 526 667 celeritatem
566 632 777 667 maximam
811 642 879 666 seu
915 630 1161 665 terminalem
1200 641 1282 665 esse
1314 630 1398 665 dixi
1435 631 1601 676 corporis
1634 629 1828 676 impediti.

289 698 595 735 Considerentur
625 700 709 745 jam
749 700 989 734 incrementa
1022 698 1232 733 celeritatis
1264 697 1430 744 corporis
1472 698 1614 744 hujus,
1655 698 1716 733 cui
1761 699 1828 733 aer

288 765 458 808 resistit3
500 776 598 811 quae
627 776 711 801 cum
755 765 907 800 minora
942 764 1021 799 sint
1044 764 1297 799 incrementis
1324 763 1491 809 corporis
1521 775 1597 798 non
1620 763 1824 810 impediti,

285 832 424 867 sumtis
457 832 663 879 utrobique
692 832 893 879 particulis
932 832 1116 878 temporis
1144 832 1308 875 iisdem,
1349 831 1439 867 hinc
1463 832 1730 878 consequitur,
1757 838 1822 875 ut,

285 899 316 933 si
342 905 510 945 ponatur
533 911 650 936 curva
682 901 711 935 A
729 899 841 942 RO',
872 899 976 933 iuter
996 909 1111 945 quam
1137 904 1176 934 et
1212 904 1358 934 rectam
1384 897 1476 933 AL‘
1514 899 1728 945 applicatae
1744 924 1754 942 ,
1780 905 1824 935 ut

283 966 379 1009 RB,
406 965 578 1002 referant
603 967 821 1002 celeritates
845 966 1057 1013 acquisitas
1079 966 1227 1013 corpori
1241 964 1453 1012 impedito,
1484 967 1698 1001 necessario
1726 977 1823 1001 sem-

282 1044 352 1080 per
387 1035 480 1069 haec
515 1034 643 1069 minor
669 1035 720 1069 sit
751 1034 944 1080 applicata
982 1033 1241 1080 respondente
1279 1034 1318 1067 in
1354 1033 1546 1079 triangulo
1587 1034 1745 1076 ANL‘,
1781 1039 1823 1069 ut

281 1099 342 1136 hic
381 1100 470 1136 ΒΧ.
521 1100 648 1134 Erunt
676 1106 809 1134 autem
846 1100 1005 1134 trilinea
1033 1100 1156 1134 ARB
1173 1124 1184 1141 ,
1215 1099 1340 1144 ATQ
1367 1099 1471 1134 iuter
1497 1111 1534 1134 se
1562 1100 1620 1134 uti
1647 1100 1822 1135 altitudi-

281 1178 352 1203 nes
389 1166 563 1203 cadendo
600 1177 779 1201 emensae
813 1167 1052 1212 temporibus
1087 1165 1192 1206 AB,
1221 1165 1326 1212 AQ3
1362 1172 1402 1200 et
1431 1166 1648 1202 celeritates
1679 1167 1721 1201 in
1745 1168 1819 1202 fine

281 1235 501 1282 aequalium
529 1237 750 1278 temporum
791 1231 1022 1279 acquisitae,
1056 1237 1141 1265 tum
1178 1236 1287 1267 motu
1323 1231 1513 1277 impedito
1549 1238 1632 1267 tum
1671 1234 1816 1277 libero,

278 1308 323 1337 ut
354 1302 567 1349 applicatae
605 1298 868 1335 coincidentes
906 1298 956 1334 ad
987 1310 1148 1335 curvam
1188 1298 1265 1334 AR
1302 1305 1341 1333 et
1379 1305 1524 1334 rectam
1559 1299 1667 1345 AN,
1708 1301 1818 1337 velut

275 1370 371 1412 BR,
409 1369 480 1405 ΒΧ
511 1368 555 1402 in
589 1368 665 1403 fine
702 1367 884 1413 temporis
917 1365 1007 1401 AB.
1059 1366 1236 1411 Itemque
1269 1371 1443 1412 tempora
1463 1391 1473 1409 ,
1500 1366 1640 1412 quibus
1680 1367 1816 1404 eadem

275 1436 450 1472 celeritas
476 1441 520 1470 ut
554 1434 638 1470 O‘Z
667 1439 747 1469 tum
767 1433 957 1481 impedito
981 1439 1065 1469 tum
1082 1433 1203 1470 libero
1226 1441 1334 1471 motu
1358 1433 1606 1480 acquiretur,
1623 1440 1668 1469 ut
1688 1434 1813 1471 lineae

274 1503 352 1541 7rO'
377 1509 415 1539 et
437 1502 530 1538 vr'r‘.

324 1570 387 1606 Ad
424 1569 728 1605 examinandam
754 1579 847 1605 vero
873 1575 1051 1604 naturam
1089 1581 1229 1605 curvae
1261 1569 1394 1606 ARO‘
1410 1595 1419 1612 ‚
1444 1571 1495 1605 sit
1515 1582 1538 1605 a
1562 1577 1704 1617 puncto
1728 1573 1813 1618 eJus

273 1638 400 1683 aliquo
443 1637 476 1672 R
512 1635 628 1681 ducta
659 1635 733 1671 RS
777 1635 962 1682 parallela
1005 1635 1122 1680 AL',
1169 1647 1292 1682 eaque
1332 1637 1515 1683 temporis
1581 1638 1811 1683 particulam

272 1704 438 1746 referat,
477 1702 604 1748 sitque
630 1702 704 1740 SA
732 1702 914 1749 parallela
947 1701 1037 1739 AB‘
1071 1708 1111 1739 et
1135 1703 1309 1750 aequalis
1337 1704 1413 1750 ipsi
1432 1704 1525 1740 RS:
1549 1704 1652 1740 unde
1671 1706 1811 1751 juncta

272 1774 351 1811 ΒΔ
380 1771 455 1808 erit
478 1770 663 1817 parallela
694 1770 729 1806 A
749 1770 806 1814 N,
837 1777 1017 1817 secetque
1043 1771 1116 1810 SA
1145 1783 1302 1808 curvam
1326 1772 1368 1807 in
1393 1771 1423 1807 T
1448 1777 1603 1818 puncto.
1655 1773 1810 1809 Referot

271 1851 360 1886 ergo
392 1839 465 1876 SA
491 1838 774 1873 incrementum
801 1838 1009 1874 celeritatis
1037 1839 1078 1872 in
1114 1844 1286 1885 tempore
1325 1839 1392 1874 RS
1431 1838 1597 1884 corporis
1624 1849 1702 1874 non
1736 1840 1810 1876 im·

268 1906 416 1954 pediti3
442 1903 512 1940 ST
546 1914 640 1939 vero
665 1905 953 1939 incrementum
982 1904 1192 1939 celeritatis
1219 1904 1385 1951 corporis
1412 1904 1616 1951 impediti3
1641 1904 1807 1951 ideoque

268 1975 338 2011 ST
364 1973 490 2009 minor
523 1983 639 2018 quam
670 1971 756 2009 SA.
814 1974 928 2008 Porro
964 1973 996 2006 si
1033 1972 1123 2008 AB'
1155 1977 1324 2019 ponatur
1351 1971 1494 2008 referre
1521 1972 1804 2017 resistentiam,

268 2053 383 2089 quam
431 2045 630 2087 pateretur
677 2050 813 2086 corpus
852 2040 1082 2087 impeditum
1099 2066 1108 2083 ‚
1159 2041 1191 2076 si
1231 2052 1317 2075 cum
1368 2039 1564 2075 terminali
1607 2039 1805 2078 celeritate

268 2108 545 2151 descenderet,
582 2107 825 2154 velimusque
855 2107 1033 2142 invenire
1070 2107 1358 2149 resistentiam,
1394 2117 1508 2152 quam
1557 2106 1707 2152 patitur
1743 2121 1801 2144 ac-

266 2177 409 2223 quisita
436 2175 632 2212 celeritate
655 2176 753 2218 RB,
788 2181 940 2223 oportet
970 2175 1119 2212 duabus
1145 2175 1181 2211 K
1191 2176 1244 2219 B,
1275 2175 1348 2211 RB
1375 2174 1502 2210 facere
1531 2175 1688 2211 tertiam
1714 2187 1800 2223 pro-
