2051 2648
818 116 948 165 (91)

176 219 292 254 Porro
317 217 407 252 data
451 214 685 263 proprietate
716 215 960 259 tangentium
987 216 1112 251 lineae
1140 227 1279 253 curvae
1305 218 1526 264 quaesitae,
1555 219 1649 255 solet

127 284 211 320 dari
235 283 299 319 vol
322 284 455 319 haberi
481 282 659 328 aequatio
691 282 914 328 exprimens
941 283 1169 319 relationem
1195 284 1298 320 inter
1321 284 1394 321 BT
1420 286 1652 331 subtangen-

126 350 257 386 tialem
291 356 329 385 et
352 349 427 385 AB
460 349 523 385 vel
555 348 628 384 BG
656 348 863 383 abscissam
887 348 952 384 vel
974 349 1216 393 ordinatam,
1257 358 1323 387 aut
1358 352 1489 388 ambas
1523 352 1650 389 simul.

122 417 308 453 vocemus
332 423 462 452 autem
487 413 846 461 subtangentialem
881 415 1005 462 ipsam
1031 415 1126 461 ΒΤ,
1148 422 1299 463 partem
1332 418 1415 454 axis
1446 419 1649 457 cadentem

121 484 225 521 inter
249 482 466 519 ordinatam
487 483 562 518 BG
588 488 628 518 ct
644 488 865 529 tangentem
893 482 982 518 GT.
1036 483 1173 530 Itaque
1192 509 1202 528 ,
1226 485 1258 519 si
1284 484 1358 521 AB
1384 491 1544 521 vocetur
1562 495 1589 518 a:
1611 491 1650 520 et

123 550 196 587 BG
230 562 256 597 y
271 575 281 594 ,
306 556 345 586 et
365 550 395 585 B
408 549 439 584 T
464 554 507 593 t,
527 560 587 584 res
604 550 744 585 redibit
763 550 812 586 ad
828 550 1098 596 aequationem
1117 575 1127 594 ‚
1142 563 1258 597 quam
1271 563 1320 587 ex
1335 552 1648 588 indeterminatis

121 618 222 654 solae
252 616 517 663 ingredientur
534 628 588 658 at,
619 628 645 662 q)
662 641 672 659 ‚
698 621 728 654 t.
780 616 862 659 Quo
886 616 1011 660 facto,
1042 618 1244 664 quaeritur
1276 619 1480 665 aequatio,
1507 629 1647 665 quam,

122 683 273 720 sublata
298 687 340 726 t,
367 682 467 718 duae
491 688 644 717 tantum
667 682 994 719 indeterminatae
1015 696 1044 720 :c
1065 690 1106 720 et
1127 696 1153 730 y
1177 685 1459 731 ingrediantur.
1511 686 1573 721 Ita
1596 694 1645 721 ex

119 750 212 786 data
245 749 483 796 proprietate
505 749 751 795 tangentium
773 749 980 784 habebitur
1005 762 1147 786 curvae
1170 752 1414 787 constructio.

166 817 227 852 Ex
251 816 545 863 aequationibus
576 823 705 853 autem
729 816 806 852 illis
821 841 831 860 ,
856 828 953 863 quae
982 817 1208 863 exprimunt
1232 819 1460 854 relationem
1482 818 1605 864 ipsius
1631 822 1650 853 t

117 883 167 920 ad
191 883 360 930 reliquas
374 909 385 928 ,
408 884 593 931 eligamus
615 884 701 920 illas
726 884 979 931 simpliciores
994 909 1004 928 ,
1027 885 1070 920 in
1094 885 1235 931 quibus
1251 885 1360 922 valor
1383 885 1505 932 ipsius
1531 890 1550 920 t
1574 895 1645 931 per

115 962 144 987 ,τ
167 956 206 986 et
227 963 253 997 y
292 951 460 986 habetur
509 961 627 998 purc;
674 956 718 987 ut
761 951 793 985 si
836 951 886 986 sit
927 957 1159 995 t=aa:x,
1197 953 1261 989 vel
1298 957 1535 998 t=aae:y,
1583 952 1647 988 vel

116 1015 564 1064 t=yV(aa—-xx);
603 1017 667 1052 vel
694 1018 1299 1068 tzyyls(aa—xx):ax‚
1333 1019 1498 1066 aliisque
1523 1017 1648 1055 modis

115 1083 292 1119 infinitis.
344 1083 481 1129 Itaque
511 1083 553 1119 id
579 1094 685 1119 nunc
718 1084 843 1130 agitur
875 1089 918 1119 ut
958 1095 1006 1118 ex
1042 1084 1132 1119 dato
1157 1085 1287 1120 valore
1325 1085 1647 1133 subtangentialis

115 1160 185 1196 per
216 1149 445 1191 abscissam,
464 1149 531 1186 vcl
551 1148 768 1185 ordinatam
782 1174 794 1195 ,
822 1150 884 1187 vel
910 1151 1063 1194 ambas,
1092 1151 1207 1188 detur
1221 1153 1400 1198 aequatio
1420 1154 1644 1200 exprimens

115 1215 343 1251 relationem
384 1215 488 1249 inter
521 1215 738 1250 ordinatam
762 1221 801 1250 ct
830 1216 1049 1252 abscissam.

162 1280 298 1318 Habeo
337 1285 467 1315 autem
507 1278 682 1316 diversas
716 1281 823 1324 vias,
862 1281 1001 1327 quibus
1044 1293 1228 1328 magnum
1263 1284 1333 1319 hoc
1373 1286 1570 1331 problema
1602 1289 1645 1323 in

114 1346 253 1382 oblatis
279 1347 429 1382 casibus
450 1346 660 1393 aggredior.
712 1346 789 1383 Sed
817 1347 917 1383 hanc
953 1349 1147 1396 optimam
1170 1362 1252 1388 esse
1268 1351 1427 1398 judico,
1463 1354 1644 1403 (quoties

113 1423 159 1448 ea
186 1413 244 1448 uti
272 1411 392 1459 licet)
427 1418 471 1449 ut
497 1414 695 1460 problema
724 1415 965 1461 tangentium
991 1415 1193 1453 inversum
1232 1425 1437 1456 revocetur
1470 1421 1519 1457 ad
1544 1434 1643 1469 qua-

113 1478 301 1516 draturas.
363 1480 541 1526 Analysis
574 1482 678 1516 enim
716 1481 878 1517 duorum
912 1488 971 1518 est
1002 1494 1209 1529 generum,
1254 1495 1333 1522 una
1370 1498 1440 1533 per
1473 1488 1639 1532 saltum,

113 1558 200 1582 cum
231 1546 430 1593 problema
460 1549 702 1594 propositum
749 1549 980 1587 resolvimus
1021 1550 1071 1588 ad
1100 1551 1228 1597 prima
1273 1564 1395 1600 usque
1429 1556 1622 1601 postulata
1632 1568 1642 1600 3

116 1614 238 1650 altera
272 1625 342 1661 per
376 1614 538 1661 gradus,
573 1628 659 1652 cum
693 1617 892 1664 problema
924 1619 1166 1664 propositum
1204 1618 1427 1672 reducimus
1463 1620 1511 1656 ad
1535 1621 1640 1657 aliud

110 1681 273 1716 facilius.
326 1682 376 1717 Et
404 1681 494 1727 quia
517 1693 629 1729 saepe
652 1685 715 1727 fit,
744 1690 786 1721 ut
816 1685 921 1730 prior
946 1685 1154 1722 methodus
1181 1687 1341 1733 prolixis
1365 1688 1483 1723 nimis
1513 1689 1639 1725 calcu-

112 1748 160 1782 lis
190 1747 364 1796 indigeat
382 1773 392 1791 ,
441 1749 739 1795 confugiendum
774 1757 833 1787 est
874 1763 951 1788 non
996 1765 1082 1788 raro
1121 1752 1169 1789 ad
1207 1755 1414 1790 secundam
1429 1768 1439 1800 3
1480 1757 1636 1792 tametsi

109 1814 213 1849 enim
235 1815 338 1860 prior
360 1815 411 1851 sit
437 1816 646 1852 absolutior
671 1829 742 1855 nec
774 1819 860 1855 aliis
890 1820 1062 1866 indigeat
1089 1822 1367 1868 praecognitis,
1405 1823 1637 1859 commodior

110 1886 241 1917 tamen
267 1887 325 1917 est
355 1883 567 1928 posterior,
598 1885 688 1931 quia
711 1885 881 1922 laborem
908 1887 1078 1931 minuit,
1109 1888 1194 1934 jam
1221 1889 1393 1925 inventis
1428 1890 1587 1927 utendo.

156 1948 207 1986 Ut
230 1959 323 1984 vero
348 1948 588 1995 intelligatur
622 1953 812 1998 quomodo
838 1965 1024 2001 persaepe
1066 1956 1265 2002 problema
1305 1958 1547 2003 tangentium
1572 1958 1635 1993 in-

108 2024 260 2049 versum
285 2014 334 2051 ad
367 2016 619 2062 quadraturas
646 2020 816 2056 revocari
852 2021 958 2056 nullo
991 2023 1143 2068 negotio
1168 2024 1312 2070 possit,
1339 2023 1546 2059 dicendum
1571 2030 1630 2059 est

109 2079 256 2126 aliquid
292 2081 339 2116 de
367 2083 533 2128 quodam
564 2084 700 2121 calculi
726 2098 863 2132 genere
893 2099 916 2124 a
949 2099 1009 2124 me
1031 2088 1277 2132 introducto,
1305 2089 1483 2136 notisque
1514 2090 1629 2127 novis

108 2147 150 2183 in
179 2159 223 2182 eo
254 2147 437 2185 adhibitis
446 2162 455 2194 ;
480 2151 536 2186 ita
559 2152 663 2188 enim
688 2152 824 2199 efficio,
852 2161 895 2190 ut
924 2155 1048 2192 multa
1069 2157 1193 2202 primo
1215 2157 1356 2194 obtutu
1380 2164 1617 2204 appareant,

982 2222 1022 2257 M
1046 2223 1072 2255 2
