2051 2648
985 110 1116 158 (20)

990 253 1122 316 §V.

726 409 785 446 Ad
819 410 932 456 epist.
964 412 1068 448 123111.
1094 422 1181 458 pag.
1208 413 1267 447 29.
1296 423 1379 458 sqq.

278 582 374 649 Est
404 618 506 648 certe
533 613 627 647 haec
647 610 810 657 epistola
834 612 938 646 inter
966 622 1103 659 paucas
1129 613 1401 649 memorabilis.
1454 613 1501 647 In
1528 624 1572 647 ea
1599 613 1702 646 enim
1730 613 1805 658 pria

281 692 345 716 ma
384 680 470 715 vice
505 678 667 724 legimus
705 678 875 725 I-Iugenii
909 678 957 713 de
991 678 1131 714 calculo
1162 679 1412 715 differentiali
1448 679 1664 726 judicium3
1707 678 1807 724 quod

278 746 471 782 Leibnitio
491 757 535 780 eo
562 746 686 791 magis
709 750 859 790 gratum
884 750 924 780 et
948 752 1149 792 acceptum
1173 758 1254 782 esse
1282 746 1416 782 debuit
1432 771 1442 789 ,
1467 747 1558 792 quia
1578 745 1782 790 Hugenius
1797 770 1806 786 ‚

277 818 480 859 postquam
504 824 646 848 novam
673 812 773 848 hanc
793 811 1041 858 computandi
1064 813 1252 849 rationem
1274 819 1452 850 accurato
1478 814 1693 859 subjecerat
1715 823 1810 848 exa-

277 878 399 921 mini,
440 890 523 913 eam
562 889 749 924 perquam
777 878 916 913 bonam
959 878 1171 924 utilemque
1206 885 1245 914 et
1284 880 1420 915 habuit
1452 886 1491 916 et
1526 879 1808 926 pronuntiavit.

278 946 412 991 Neque
450 946 521 981 hoc
560 950 726 979 tantum.
779 944 855 980 Sed
889 946 1100 991 repetitum
1123 946 1185 981 hic
1208 947 1412 990 videmus,
1441 947 1543 994 quod
1575 948 1658 992 jam
1694 953 1809 982 antea

279 1013 482 1059 scripserat
502 1012 707 1057 Hugenius
732 1012 801 1059 (in
827 1023 888 1058 ep.
918 1015 991 1050 lla.
1019 1025 1056 1060 p.
1077 1013 1156 1061 28)
1194 1025 1233 1049 se
1260 1026 1401 1061 nempe
1429 1015 1500 1049 sibi
1524 1013 1651 1050 videri
1674 1014 1810 1049 similis

280 1079 434 1116 artificii
464 1084 676 1127 compotem
711 1089 819 1120 esse,
856 1079 965 1125 qu'us
993 1091 1064 1125 ope
1102 1080 1236 1116 eadem
1281 1087 1478 1127 praestare
1515 1087 1673 1127 posset,
1713 1091 1810 1126 quae

277 1146 494 1183 Leibnitius
529 1145 664 1181 calculi
687 1145 955 1180 differentialis
983 1147 1165 1184 auxilio.·
1194 1147 1304 1191 Quod
1335 1158 1426 1182 sane
1460 1147 1706 1183 verissimum
1730 1153 1812 1189 est,

279 1213 311 1248 si
336 1225 380 1249 eo
410 1225 525 1249 sensu
559 1213 652 1248 haec
689 1213 811 1248 verba
840 1213 1080 1259 accipiantur
1108 1220 1150 1248 ut
1174 1215 1395 1260 significent
1414 1238 1424 1254 ,
1457 1215 1679 1259 Hugenium
1704 1220 1812 1249 tanta

277 1281 444 1317 valuisse
480 1280 627 1326 ingenii
662 1280 723 1321 vi,
760 1286 803 1314 ut
837 1281 1015 1325 graviora
1055 1282 1172 1316 etiam
1208 1281 1447 1326 problemata
1490 1280 1700 1327 (quamvis
1736 1290 1811 1314 non

279 1346 437 1392 omnia)
481 1346 620 1392 quibus
666 1345 859 1381 solvendis
900 1345 1065 1381 calculus
1112 1346 1379 1381 differentialis
1431 1346 1583 1393 egregie
1621 1346 1810 1388 inservit,

277 1425 356 1449 non
376 1419 529 1449 tantum
552 1418 704 1448 tentare
735 1423 848 1447 ausus
870 1413 989 1448 fuerit
1006 1439 1016 1455 ,
1050 1413 1115 1449 sed
1141 1414 1281 1456 etiam,
1314 1414 1404 1449 licet
1426 1413 1559 1450 calculi
1582 1413 1695 1448 istius
1726 1414 1811 1449 sub-

277 1481 386 1516 sidiis
423 1480 654 1523 destitutus,
691 1480 848 1526 penitus
883 1481 1146 1526 perspexerit,
1187 1481 1418 1527 saepiusque
1457 1481 1568 1526 longe
1596 1486 1685 1516 ante
1715 1481 1808 1516 alios

279 1547 519 1594 explicuerit.
572 1547 738 1581 Exstant
770 1546 888 1592 huJus
915 1547 971 1581 rei
1006 1547 1186 1593 exempla
1209 1559 1284 1582 uno
1311 1548 1433 1593 plura.
1484 1547 1538 1582 At
1566 1547 1683 1592 juvat
1718 1547 1812 1582 haec

280 1615 392 1650 novis
419 1625 582 1660 augere,
611 1619 649 1648 et
684 1612 841 1658 quidem
870 1613 947 1648 illis
973 1614 1094 1660 ipsis,
1123 1625 1220 1660 quae
1253 1614 1477 1660 Hugenius,
1510 1620 1553 1648 ut
1580 1613 1709 1649 verbis
1733 1614 1810 1649 suis

278 1682 393 1718 fidem
419 1682 585 1724 faceret,
612 1681 736 1716 inhac
751 1692 819 1717 sua
838 1681 1001 1727 epistola
1026 1682 1236 1726 excitavit3
1265 1692 1426 1727 quorum
1452 1680 1617 1715 alterum
1643 1682 1811 1727 pertinet

280 1750 329 1786 ad
354 1749 537 1785 Leibnitii
559 1748 756 1795 problema
780 1747 827 1783 de
851 1747 955 1783 linea
977 1749 1150 1794 aequalis
1179 1748 1408 1790 descensus,
1445 1748 1609 1783 alterum
1634 1747 1682 1783 ad
1709 1749 1809 1795 ejus-

282 1817 369 1852 dem
398 1816 444 1851 de
478 1816 728 1861 tangentibus
753 1814 979 1851 doctrinam.
1033 1814 1203 1851 Dederat
1232 1826 1373 1861 nempe
1396 1814 1589 1861 quondam
1608 1814 1812 1860 Hugenius

281 1884 418 1931 prioris
448 1883 696 1929 problematis
739 1883 994 1925 solutionem,
1037 1882 1408 1918 demonstrationem
1443 1893 1537 1918 vero
1583 1882 1813 1928 reticuerat3

280 1952 375 1988 haec
401 1956 529 1986 autem
552 1960 637 1984 cum
661 1949 770 1984 nobis
794 1956 946 1985 servata
973 1950 1045 1992 sit,
1074 1960 1238 1996 cumque
1264 1955 1303 1984 et
1327 1949 1517 1995 elegantia
1541 1954 1580 1983 et
1605 1949 1813 1995 perspicui-

282 2025 361 2056 tate
416 2017 511 2052 nulli
551 2017 616 2052 alii
656 2016 791 2058 cedat,
839 2022 877 2051 et
914 2017 1075 2064 insuper
1097 2017 1260 2063 probet,
1286 2027 1401 2062 quam
1443 2014 1687 2050 defendimus
1726 2027 1811 2052 sen-

280 2086 469 2128 tentiam,
524 2096 590 2120 suo
639 2083 803 2130 quodam
848 2085 936 2130 jure
969 2085 1092 2121 locum
1130 2083 1194 2120 hic
1232 2083 1304 2118 sihi
1347 2082 1528 2119 vindicat.
1579 2081 1689 2117 Idem
1728 2083 1806 2119 dic-

282 2160 364 2189 tum
403 2153 490 2190 volo
516 2152 563 2187 de
600 2152 720 2187 altero
757 2151 1013 2197 problemate,
1052 2151 1187 2189 eodem
1226 2150 1314 2194 illo,
1354 2150 1415 2187 cui
1449 2149 1678 2197 explicando
1703 2161 1811 2197 para-
