2051 2648
1047 143 1101 168 lv

313 235 566 281 scriptionem
602 243 674 278 quo
729 232 859 263 minus
900 232 982 276 ipse
1019 241 1105 263 cum
1153 228 1253 262 Orbe
1300 227 1502 264 Litterato
1539 233 1841 266 communicaret

306 300 561 348 praepedivit
585 299 801 330 immatura
821 307 939 330 mors.
980 295 1089 330 IIuic
1113 297 1246 340 igitur
1272 295 1316 327 in
1343 293 1456 329 Artis
1473 295 1648 331 historia
1673 298 1845 342 defectui

315 376 549 402 succurrere
581 363 802 407 voluimus,
837 362 1056 397 exhibenda
1089 367 1173 396 tum
1212 361 1332 407 liujus
1361 368 1579 409 apparatus
1605 362 1715 397 brevi
1744 375 1845 397 com-

314 434 618 474 memoratione,
650 436 735 465 tum
765 433 956 464 accurata
973 431 1150 476 paginae
1171 428 1402 473 cujusdam,
1433 440 1482 463 ex
1514 427 1846 464 Adversariorum

314 499 435 534 Libro
452 499 492 535 H
505 497 706 533 desumtae
720 522 730 540 ‚
758 498 931 541 imagine
943 521 953 539 ‚
968 495 1023 530 ad
1037 495 1179 530 calcem
1191 494 1396 529 Fasciculi
1409 495 1448 530 ΙΙ
1469 496 1734 539 inveniunda,
1750 508 1847 543 quae

315 572 355 601 et
380 566 501 611 hoeq‘us
520 566 675 599 inventi
684 562 956 610 primordium
980 561 1068 596 Tibi
1089 562 1233 610 offert,
1260 566 1300 596 et
1311 564 1541 596 universnm
1563 561 1702 597 horum
1715 561 1849 597 Libro-

312 645 401 667 rum
430 632 609 667 habitum
643 629 888 678 indolemque
921 632 1081 676 egregie
1105 631 1319 677 patefacit.
1373 629 1475 671 Quin
1497 641 1625 677 porro
1660 629 1839 676 reliquae

309 711 459 748 quoque
472 696 678 732 Fasciculi
696 699 735 733 II
750 698 1003 745 paragraphi
1027 697 1241 733 Historiae
1259 697 1559 745 amplificandae
1577 697 1847 742 adjumentum

313 769 398 800 sint
434 764 638 800 allaturae
676 764 813 799 nullus
839 765 997 809 dubito,
1037 767 1075 799 si
1119 769 1297 812 reputem
1334 776 1471 800 earum
1506 764 1610 799 alias
1647 767 1849 799 continere

312 831 510 868 Leibnitii
539 833 853 880 scriptiunculas
888 832 1054 868 antehac
1086 845 1164 867 non
1207 833 1363 874 editam
1405 832 1510 868 alias
1548 832 1849 867 Geometrarum

307 900 428 947 plane
441 903 735 947 incognitorum
755 910 966 937 vAunmsm
988 905 1028 935 et
1047 910 1214 937 flUBERTI
1229 909 1428 936 numnam!
1441 902 1611 934 notitias
1634 911 1680 935 ac
1697 899 1848 934 labores

315 968 472 1013 referre
482 979 499 1009 ,·
528 967 633 1002 alias
667 967 835 1016 denique
873 967 1093 1002 subsistere
1130 969 1175 1000 in
1214 965 1462 1014 explicandis
1499 968 1630 1001 variis
1659 968 1850 1013 novisque

314 1034 495 1081 Hugenii
530 1036 576 1069 in
609 1034 843 1082 disciplinas
884 1036 1065 1076 meritis,
1117 1033 1257 1081 quibus
1281 1032 1474 1080 prodesse
1517 1046 1542 1068 a
1587 1035 1724 1080 prima
1756 1033 1849 1067 inde

307 1103 526 1147 juventute
562 1113 801 1149 summopere
837 1100 1009 1138 studuit.
1067 1101 1188 1145 Cujus
1234 1103 1296 1135 rei
1339 1099 1585 1135 luculentius
1634 1100 1848 1147 exemplum

320 1169 466 1216 afferri
507 1172 578 1204 vix
615 1174 776 1215 potest,
825 1180 942 1215 quam
977 1169 1064 1213 ejus
1108 1168 1396 1203 demonstratio
1440 1166 1487 1202 de
1524 1168 1740 1203 Catenaria
1774 1179 1852 1202 non

321 1233 552 1277 Parabola,
588 1235 737 1267 aetatis
769 1244 870 1266 anno
898 1235 940 1268 15
977 1233 1033 1267 ad
1058 1232 1316 1267 IWIersennum
1346 1236 1469 1267 missa
1504 1239 1544 1267 et
1577 1246 1601 1267 a
1625 1246 1683 1267 me
1700 1236 1743 1267 in
1769 1234 1790 1281 ξ
1821 1236 1852 1269 V

323 1302 535 1347 descripta.

373 1367 555 1414 Exposui
575 1376 674 1413 quae
700 1364 746 1399 de
766 1363 829 1400 his
857 1363 1083 1400 Fasciculis
1117 1365 1312 1402 monenda
1339 1364 1531 1402 haberem.
1585 1365 1782 1414 Superest
1806 1372 1851 1401 ut

324 1434 563 1481 significem,
602 1442 661 1466 me
696 1431 866 1479 reliquis
903 1430 1043 1467 liorum
1076 1431 1443 1479 Blanuscriptorum
1466 1431 1657 1479 partibus
1691 1434 1851 1468 edendis

326 1502 596 1537 lubentissime
617 1510 774 1546 operam
806 1511 890 1534 esse
920 1499 1130 1542 daturum,
1168 1501 1206 1533 si
1244 1498 1346 1533 hunc
1382 1510 1508 1533 meum
1544 1498 1715 1534 laborem·
1744 1499 1851 1535 Viris

327 1569 466 1603 Doctis
479 1578 558 1601 non
575 1565 826 1612 displicuisse
839 1565 1088 1601 intellexero.
1129 1565 1240 1607 Quod
1250 1567 1288 1599 si
1300 1565 1397 1600 milii
1419 1568 1625 1612 contingat
1639 1592 1649 1610 ‚
1672 1566 1848 1602 alacritas

327 1637 448 1671 etiam
469 1642 658 1681 pergam,
686 1632 904 1680 curaboque
926 1638 975 1668 ut
997 1632 1104 1669 brevi
1134 1635 1284 1668 tertius
1308 1634 1352 1667 in
1383 1632 1506 1668 lucem
1529 1634 1698 1681 prodire
1719 1638 1851 1681 possit

334 1701 679 1738 Exercitatiomim
712 1697 959 1735 Fasciculus.

411 1832 630 1869 Scribebam
662 1831 787 1879 Lugd,
807 1833 898 1873 Bat.
929 1833 994 1870 die
1016 1835 1065 1872 20
1087 1845 1135 1871 m.
1161 1834 1311 1870 ΙΙΙανιίί
1338 1837 1443 1871 1833.
