2051 2648
898 142 1031 189 (39)

241 234 387 279 Quibus
423 236 601 272 omnibus
634 235 803 283 denique
839 242 883 272 ut
919 237 1106 284 majorem
1133 240 1252 277 etiam
1289 242 1417 279 lucem
1449 244 1714 290 mundamus,

196 301 397 345 sequentia
413 301 534 348 ipsius
556 302 726 347 Hugenii
753 303 868 339 verba
896 304 1198 349 subjungemus:

245 381 263 400 2>
282 366 324 403 Si
351 379 374 403 a
397 373 539 413 puncto
563 378 707 406 curvae
733 368 852 405 fuerit
882 369 1090 406 ordinatim
1122 370 1172 407 ad
1189 381 1302 409 axem
1323 374 1515 421 applicata
1542 377 1714 426 itemque

194 439 378 479 tangens,
400 444 488 469 cum
520 444 593 470 axe
626 446 879 480 concurrens,
914 437 990 473 erit
1021 437 1214 484 applicata
1243 439 1452 478 ordinatim
1484 441 1533 478 ad
1563 451 1713 491 partem

193 500 277 535 axis
298 501 402 536 inter
430 501 556 548 ipsam
577 509 618 538 et
638 507 864 549 tangentem
879 528 890 548 ,
921 504 1024 540 sicut
1046 504 1177 541 radius
1201 513 1451 554 curvaturae,
1472 520 1569 555 quae
1592 517 1652 547 est
1673 512 1714 546 in

192 567 337 603 vertice
353 591 362 609 ,
381 565 431 603 ad
459 578 600 604 curvae
616 569 834 614 portionem
858 571 963 605 inter
981 570 1166 606 verticem
1192 577 1234 606 et
1257 579 1443 618 punctum
1478 581 1689 614 contactuS.

238 632 341 669 Hinc
358 631 489 667 radius
512 632 578 669 ille
598 639 829 671 curvaturae
853 635 895 670 in
924 635 1072 672 vertice
1094 636 1267 682 aequalis
1297 643 1357 674 est
1376 649 1516 675 curvae
1545 642 1711 687 portioni

191 701 292 735 inter
312 698 498 736 verticem
535 706 575 736 et
599 706 791 748 punctum
827 702 1093 739 inclinationis
1129 708 1287 740 catenae
1321 703 1369 740 ad
1407 705 1643 745 horizontem
1672 711 1713 745 in

190 765 330 812 angulo
357 766 572 806 semitecto.

235 832 383 870 Iisdem
415 834 578 882 positis,
608 835 826 883 superficies
863 835 1036 873 conoidis
1062 847 1086 872 a
1118 847 1257 873 curvae
1282 838 1457 885 portione
1492 841 1595 876 inter
1618 851 1711 878 con-

187 904 335 936 tactum
362 907 402 936 et
436 902 624 939 verticem
650 903 809 946 effecta,
846 903 1019 949 aequalis
1046 907 1106 937 est
1136 903 1295 946 circulo,
1324 905 1435 951 cujus
1464 906 1596 943 radius
1630 919 1712 953 pro-

188 967 361 1012 portione
381 967 535 1005 medius
564 968 670 1005 inter
690 968 880 1006 verticem
913 974 953 1004 et
989 979 1212 1004 concursum
1228 971 1435 1017 tangentis.

236 1033 342 1070 Hinc
371 1041 530 1081 apparet
567 1036 782 1081 superficies
806 1035 1034 1082 hujusmodi
1071 1035 1277 1072 conoidum
1316 1047 1399 1073 esse
1420 1037 1526 1073 inter
1552 1049 1591 1073 se
1614 1040 1714 1076 sicut

187 1101 420 1147 interceptas
445 1101 549 1138 inter
571 1102 758 1139 verticem
786 1107 827 1138 et
854 1106 1081 1147 tangentem
1107 1101 1151 1137 in
1175 1107 1319 1148 puncto
1342 1113 1482 1141 curvae
1504 1109 1688 1145 extremo.

237 1166 337 1202 Dato
362 1167 469 1203 radio
504 1173 735 1205 curvaturae
760 1168 803 1204 in
838 1167 987 1204 vertice
1012 1173 1052 1203 et
1084 1167 1356 1212 tangentibus,
1387 1178 1543 1214 possum
1571 1176 1610 1207 et
1630 1183 1713 1208 cur·

190 1244 302 1273 vam,
339 1234 449 1277 cujus
494 1233 715 1267 evolutione
773 1233 980 1268 Catenaria
1024 1232 1275 1274 describitur,
1310 1237 1437 1268 rectae
1486 1245 1711 1282 exaequare.

189 1300 364 1345 Itemque
389 1303 598 1340 sectorem,
623 1298 685 1333 cui
709 1308 777 1344 pro
811 1304 942 1334 centro
966 1303 1025 1332 est
1059 1298 1184 1344 portio
1207 1309 1349 1334 curvae
1370 1299 1566 1344 evolutae,
1590 1304 1713 1350 spatio

187 1364 395 1399 rectilineo.

233 1430 403 1468 Catenae
440 1435 585 1477 puncta
626 1430 816 1478 quotlibet
853 1431 1038 1467 invenire
1063 1441 1218 1477 possum
1241 1456 1250 1473 ‚
1277 1438 1318 1467 et
1351 1438 1550 1481 tangentes
1587 1437 1628 1473 in
1663 1439 1711 1474 iis

185 1498 359 1544 punctis,
387 1503 428 1534 et
448 1505 574 1534 rectas
601 1498 730 1535 curvis
759 1498 864 1534 inter
897 1498 966 1534 illa
992 1498 1208 1545 interjectis
1242 1499 1448 1545 aequales,
1476 1502 1508 1538 si
1543 1511 1709 1549 ponatur

184 1564 374 1601 dimensio
391 1564 560 1602 duorum
580 1565 820 1614 quorundam
856 1565 1068 1613 spatiorum
1083 1589 1094 1608 ,
1129 1575 1248 1601 curva
1283 1567 1511 1611 geometrica
1533 1576 1574 1604 et
1594 1572 1709 1606 rectis

186 1634 490 1672 terminatorum.
542 1633 646 1671 Hinc
675 1633 842 1677 inveni,
875 1633 909 1669 si
931 1644 954 1668 a
979 1640 1125 1679 puncto
1150 1632 1413 1671 inclinationis
1436 1636 1567 1682 anguli
1597 1639 1709 1674 semi-

186 1702 280 1738 recti
308 1700 473 1737 ducatur
498 1701 563 1737 axi
592 1700 949 1747 perpendicularis,
985 1711 1072 1737 eam
1095 1710 1178 1735 csse
1213 1699 1262 1735 ad
1295 1701 1504 1739 abscissam
1535 1702 1584 1739 ad
1621 1715 1710 1740 ver-

186 1770 325 1815 ticem,
355 1769 530 1817 proxime
548 1774 592 1805 ut
615 1770 713 1806 8809
745 1769 793 1804 ad
823 1770 941 1811 4134,
977 1774 1018 1804 et
1044 1778 1202 1804 curvam
1225 1767 1480 1815 interceptam
1502 1775 1594 1806 tunc
1625 1783 1707 1808 esse

188 1837 355 1882 partium
382 1838 512 1874 10000.
530 1852 548 1872 ν

232 1973 416 2020 Superest
441 1977 485 2007 ut
519 1971 566 2007 de
591 1972 642 2007 iis
659 1970 864 2007 videamus
893 1981 993 2017 quae
1017 1969 1283 2006 Caustiearum
1305 1968 1573 2007 inventionem
1597 1982 1702 2019 spec-

185 2044 290 2084 tant3
313 2049 391 2085 qua
421 2039 462 2074 in
490 2051 532 2075 re
556 2038 694 2075 melius
722 2049 785 2075 me
822 2037 948 2074 facere
981 2048 1058 2072 non
1081 2047 1191 2083 posse
1225 2035 1322 2071 mihi
1353 2034 1506 2079 videor,
1534 2047 1647 2083 quam
1671 2039 1703 2072 si

186 2105 340 2140 brevem
385 2105 558 2151 Hugenii
607 2103 918 2147 annotationem,
972 2104 1050 2139 huc
1093 2102 1355 2148 pertinentem
1380 2125 1393 2143 ,
1441 2107 1482 2137 et
1516 2102 1558 2137 in
1595 2103 1699 2140 MSS.

185 2170 278 2209 fasc.
305 2173 377 2207 13⁰.
402 2177 620 2214 servatam,
655 2171 717 2208 hic
751 2171 1028 2217 praemittam,
1062 2170 1206 2216 quippe
1234 2178 1333 2214 quae
1369 2175 1506 2214 sponte
1530 2169 1699 2206 ulteriori
