2360 3054
781 823 833 865 P.
898 822 945 866 J.
1010 820 1567 865 UYLENBROEK„

410 1248 533 1309 Quas
571 1261 680 1305 Tibi,
724 1262 771 1298 B.
798 1261 868 1304 L.‚
903 1261 1050 1296 duobus
1091 1261 1153 1296 liis
1199 1259 1425 1295 Fasciculis
1468 1259 1668 1294 clarorum
1719 1260 1842 1295 seculi
1897 1263 1937 1295 17

407 1328 705 1364 Geometrarum
727 1330 850 1377 offero
882 1329 1232 1371 Exercitationes,
1282 1340 1349 1362 eae
1382 1339 1432 1362 ex
1464 1330 1622 1373 egregio
1650 1330 1809 1375 petitae
1846 1332 1940 1361 sunt

405 1395 780 1444 Manu-scriptorum
803 1397 1013 1439 thesauro,
1041 1409 1151 1443 quem
1176 1394 1446 1429 Bibliothecae
1476 1395 1713 1428 Academiae
1735 1393 1941 1439 Lugclsuno-

406 1461 612 1505 Batavae,
637 1463 728 1497 dum
750 1466 793 1496 in
815 1465 918 1497 vivis
943 1468 1068 1504 esset,
1096 1462 1247 1507 legavit
1272 1461 1358 1497 Chr.
1383 1461 1617 1506 IIugenius,
1643 1462 1941 1507 quiquepaucis

408 1528 548 1563 abhinc
579 1531 699 1562 annis
737 1528 847 1563 liaud
877 1529 956 1563 levi
991 1530 1215 1563 accessione
1252 1531 1404 1571 crevit,
1445 1528 1544 1562 dono
1576 1527 1943 1571 munificentissimi

407 1597 539 1630 nostri
575 1595 724 1641 Regis,
758 1598 870 1630 inter
900 1595 1003 1638 alia,
1047 1598 1258 1631 maximam
1304 1596 1563 1643 epistolarum
1585 1601 1748 1643 partem
1779 1594 1943 1642 comple-

408 1667 560 1704 ctente,
583 1674 681 1709 quas
695 1663 890 1710 qnondam
908 1662 986 1697 sibi
1005 1665 1173 1698 invicem
1185 1665 1437 1711 scripserunt
1447 1665 1616 1709 fratres
1638 1663 1941 1707 Constantinus,

411 1729 664 1764 Christianus
701 1735 741 1764 et
773 1729 997 1765 Ludovicus
1020 1731 1246 1776 Hugenius.
1879 1716 1884 1721 ‚

456 1795 574 1832 Hanc
596 1796 970 1845 flIanuscriptorum
993 1797 1260 1832 collectionem
1287 1800 1406 1839 inter
1414 1810 1567 1846 paucas
1589 1797 1763 1843 ejusdem
1782 1799 1943 1843 generis

408 1876 491 1899 esse
531 1867 949 1912 praestantissimam,
980 1866 1217 1913 fontemque
1272 1866 1457 1901 exhibere
1505 1866 1770 1910 uberrimum,
1812 1878 1832 1900 e
1869 1877 1943 1914 quo

408 1932 727 1979 Disciplinarum
767 1931 1147 1969 Mathematicarum
1193 1939 1234 1968 et
1272 1933 1538 1980 Physicarum
1583 1933 1776 1968 Historia
1819 1932 1943 1968 seculi

412 2002 456 2034 17
493 1999 730 2035 illustretur
769 2006 810 2036 et
845 2007 1069 2048 augeatur,
1117 2001 1226 2037 haud
1256 2002 1390 2048 facile
1427 2001 1612 2048 negabiS‚
1661 2004 1698 2035 si
1734 2000 1945 2036 eorundem

411 2066 602 2110 indicem,
648 2071 827 2115 quamvis
872 2081 951 2104 non
985 2068 1162 2104 oninibus
1206 2071 1384 2104 numeris
1424 2068 1670 2112 absolutum,
1715 2071 1760 2103 in
1796 2067 1946 2103 Biblio-

411 2132 545 2169 thecae
572 2133 805 2171 Academiae
825 2141 990 2171 nostrae
1028 2136 1214 2183 Catalogo
1249 2136 1342 2172 inde
1373 2149 1398 2171 a
1419 2148 1519 2184 pag.
1553 2138 1623 2172 351
1664 2135 1719 2170 ad
1745 2147 1829 2183 pag
1875 2136 1945 2171 35⁷

409 2200 718 2247 reperiundum,
757 2200 822 2236 vel
858 2201 1058 2237 levissime
1096 2205 1295 2250 inspicere
1334 2202 1523 2240 volueris.
1577 2200 1653 2244 At,
1689 2203 1726 2235 si
1757 2213 1873 2249 quam
1897 2213 1945 2235 ea·

410 2267 603 2311 ejusmodi
632 2271 865 2317 imperfecta
898 2272 1049 2305 notitia
1092 2270 1139 2305 de
1165 2269 1228 2306 his
1249 2270 1482 2306 industriae
1507 2280 1554 2304 ac
1576 2268 1783 2304 doctrinae
1811 2279 1945 2302 monu-

413 2337 554 2369 mentis
584 2347 689 2383 spem
719 2341 838 2383 atque
883 2339 1215 2384 exspectationem
1269 2339 1516 2385 conceperis,
1572 2340 1813 2383 quantopere
1861 2345 1945 2368 eam

416 2406 559 2436 eventu
577 2402 883 2449 comprobatam,
909 2406 1006 2451 quin
1034 2404 1146 2450 longe
1173 2410 1403 2452 superatam
1428 2406 1631 2438 invenires
1649 2429 1659 2446 ,
1682 2404 1720 2436 si
1739 2400 1824 2435 Tibi·
1853 2400 1947 2434 haec

419 2463 604 2504 Virorum
640 2469 848 2504 celebrium
885 2483 1004 2515 opera
1041 2471 1224 2507 manibus
1262 2471 1419 2506 volvere
1455 2469 1655 2515 oculisque
1686 2467 1947 2514 perlustrare
