2051 2648
829 124 961 172 (83)

791 268 818 329 §
855 274 994 325 vlu.

470 429 530 466 Ad
558 440 644 476 pag.
672 431 718 464 79
743 429 883 466 verba:
909 428 1026 475 Voicy
1051 440 1139 463 mon
1173 428 1322 476 chiffm.

135 607 329 677 Gryphus
360 627 465 663 hicce
491 632 618 662 exstat
636 628 678 662 in
690 628 804 663 Libro
826 627 977 663 Advers
1003 629 1046 665 G.
1070 640 1156 675 pag.
1172 631 1218 665 83
1238 639 1296 675 sq.
1316 627 1476 664 Constat
1501 626 1652 662 duabus

132 696 326 744 partibus,
364 704 527 740 quarum
563 692 684 729 altera
717 695 882 742 explicat
915 696 1096 739 alteram,
1130 707 1227 742 quae
1266 707 1343 731 non
1365 694 1440 729 nisi
1470 694 1652 730 inventa-

129 774 213 797 rum
238 760 452 797 catenariae
467 760 750 807 proprietatum
772 762 1077 797 enuntiationem
1092 762 1275 796 continet.
1314 760 1496 804 Numeri,
1510 760 1651 805 quibus

125 829 255 865 variae
278 827 415 875 gryphi
444 832 573 874 partes
592 833 683 863 sunt
716 829 864 871 ornati,
891 830 960 865 has
985 829 1151 865 invicem
1175 833 1279 863 arcto
1309 837 1414 863 nexu
1450 827 1649 861 cohaerere

125 895 314 932 indicant.
369 895 417 929 In
458 892 711 929 describendo
748 895 892 941 grypho
928 895 1115 930 rationem
1154 894 1362 930 habuimus
1398 903 1568 929 errorum
1608 898 1647 927 et

125 963 424 1004 correctionum,
466 972 628 1007 quarum
661 962 897 998 mentionem
922 962 1014 999 fecit
1050 962 1251 1008 Hugenius
1282 961 1324 996 in
1348 971 1409 1007 ep.
1433 959 1482 996 ad
1515 959 1647 995 Leibn.

126 1031 172 1064 21
191 1028 286 1075 Apr.
314 1029 430 1070 1691,
455 1028 563 1065 Fasc.
593 1028 623 1064 I.
650 1039 688 1074 p.
714 1030 777 1066 81.

366 1162 458 1196 Pars
480 1161 584 1206 prior

126 1306 157 1330 ε.
185 1304 216 1328 c,
243 1303 339 1338 cap.
365 1302 396 1327 s,
420 1301 451 1326 s,
477 1291 566 1335 af.
589 1301 648 1326 ae.
674 1302 713 1326 u.
774 1291 814 1326 Si
835 1296 971 1326 catena
1007 1290 1055 1326 ad
1080 1290 1268 1336 parietem
1301 1299 1487 1335 suspensa
1519 1291 1569 1324 sit
1599 1301 1646 1325 ex

126 1373 162 1395 α.
183 1371 222 1404 g.
245 1369 276 1393 c.
297 1368 331 1404 q.
351 1368 382 1392 c.
404 1367 436 1392 S.
457 1357 484 1392 i.
505 1367 535 1391 e.
557 1367 593 1392 a.
617 1356 654 1392 d.
676 1368 712 1393 α.
775 1356 847 1391 filis
901 1356 1122 1403 aequalibus
1145 1381 1154 1399 ,
1207 1355 1402 1400 utrimque
1458 1356 1620 1391 annexis
1637 1382 1647 1399 ,

124 1428 202 1472 i.f.
231 1437 262 1460 ε.
294 1436 324 1460 e.
339 1435 382 1470 p.
777 1423 965 1469 gravitate
1010 1422 1253 1464 carentibus,
1301 1432 1466 1467 quarum
1518 1423 1647 1469 capita

777 1491 854 1526 sint
900 1491 940 1525 in
989 1489 1123 1525 eadem
1165 1488 1371 1525 altitudine
1392 1514 1402 1532 ‚
1455 1489 1644 1536 deturque

777 1558 938 1604 angulus
958 1557 1218 1593 inclinationis
1247 1556 1395 1592 filorum
1419 1562 1458 1592 ct
1481 1563 1640 1593 catenae

777 1625 944 1671 positus:

128 1764 160 1796 1.
203 1773 246 1808 p.
271 1763 299 1798 i.
327 1765 356 1797 t.
380 1762 407 1796 i.
436 1759 472 1796 d.
501 1770 534 1806 q.
559 1771 589 1795 c,
607 1770 650 1806 p.
776 1760 982 1795 Possumus
1013 1757 1191 1793 invenire
1223 1761 1447 1802 tangentem
1481 1756 1523 1791 in
1557 1756 1645 1793 dato

777 1826 948 1873 quolibet
967 1831 1125 1861 catenae
1149 1828 1314 1870 punct03

125 1957 157 1992 2.
209 1968 242 1992 r.
269 1967 328 1992 ae.
357 1967 387 1991 ο.
416 1967 450 1991 v.
479 1966 508 1990 c.
536 1966 567 1990 e.
583 1966 627 2002 p.
774 1960 928 1994 Rectam
967 1957 1167 2004 aequalem
1198 1961 1355 1993 catenae
1391 1955 1453 1992 vel
1487 1955 1641 1992 cuilibet

775 2025 858 2071 ejus
879 2023 1045 2070 portioni
1061 2037 1070 2069 3

124 2160 160 2193 3.
211 2168 246 2193 r.
273 2169 304 2193 c.
329 2160 358 2194 i.
385 2170 420 2194 v.
773 2157 937 2193 Badium
966 2157 1168 2194 curvitatis
1189 2157 1230 2191 in
1260 2155 1412 2193 vertice.

1075 2223 1108 2258 L
1130 2225 1154 2257 2
