2051 2648
1022 171 1150 216 (98)

988 379 1016 442 ἕ
1055 386 1177 439 ΧΠ.

446 536 510 575 Ad
531 548 619 586 pag.
649 537 719 572 119
745 536 887 573 verba:
925 534 1022 583 J’ay
1041 535 1231 584 hienfait
1257 535 1282 571 ὰ
1309 547 1352 572 ce
1376 546 1450 584 que
1465 534 1516 580 je
1542 537 1628 570 vois
1646 541 1721 571 etc.

319 775 444 842 Cum
468 807 510 841 in
533 803 782 851 epistolarum
814 804 1062 848 commercio,
1087 803 1189 850 quod
1215 804 1320 840 inter
1343 804 1569 850 Hugenium
1590 810 1629 839 et
1653 803 1850 840 Nicolaum

316 874 428 910 Fatio
453 872 501 908 de
525 872 712 908 Duilliers
728 872 854 907 locum
881 871 1043 914 habuit,
1073 872 1186 917 plura
1207 877 1409 907 occurrant
1430 877 1469 907 et
1501 871 1599 906 scitu
1627 870 1854 917 dignissima

320 947 359 976 et
388 952 472 976 cum
501 945 754 987 argumento,
797 951 820 974 a
844 939 1037 974 Leibnitio
1057 964 1067 982 ,
1098 939 1278 986 Hugenio
1317 945 1357 975 et
1391 940 1610 975 Marchione
1635 939 1854 986 Hospitalio

318 1014 506 1051 tractato,
542 1005 724 1043 methodo
750 1017 800 1044 sc.
838 1008 1085 1053 tangentium
1124 1007 1309 1051 inversa,
1350 1009 1580 1054 conjuncta,
1622 1018 1709 1049 eas,
1755 1018 1855 1053 quae

319 1075 425 1109 inter
447 1074 555 1110 MSS.
585 1074 822 1118 I-Iugeniana
838 1080 994 1108 exstant
1017 1074 1200 1119 epistolae
1217 1100 1226 1117 ‚
1251 1086 1338 1110 cum
1358 1074 1460 1110 Fatii
1475 1080 1558 1109 tum
1577 1073 1770 1120 Hugenii,
1794 1073 1856 1109 hic

317 1140 546 1178 inserendas
572 1149 654 1174 esse
682 1138 909 1184 putavimus
926 1163 936 1180 ,
960 1150 1036 1184 quo
1058 1150 1197 1185 nempe
1224 1151 1300 1174 uno
1324 1141 1396 1175 sub
1423 1145 1632 1185 conspectu
1655 1140 1855 1175 exhibere-

317 1218 405 1244 mus
420 1232 429 1250 ,
458 1217 559 1253 quae
584 1211 664 1240 tam
700 1209 802 1238 arcto
830 1214 935 1238 nexu
954 1205 1056 1238 inter
1076 1216 1115 1238 se
1143 1206 1362 1240 cohaerent.
1415 1205 1468 1239 At
1491 1206 1598 1250 prius
1616 1204 1855 1247 monendum

319 1281 397 1318 est,
435 1284 503 1309 nos
535 1279 614 1308 tres
636 1270 738 1308 Fatii
767 1270 949 1317 epistolas
974 1281 1050 1305 non
1074 1281 1152 1306 una
1173 1282 1260 1306 cum
1284 1270 1443 1316 reliquis
1467 1269 1737 1316 descripsisse,
1765 1281 1856 1317 quo-

320 1343 426 1378 niam
454 1352 553 1387 quae
567 1340 615 1374 iis
637 1338 904 1382 continentur,
925 1339 997 1374 hac
1016 1350 1105 1373 cura
1127 1338 1256 1374 minus
1286 1338 1404 1384 digna
1428 1337 1678 1373 videbantur.
1706 1338 1857 1374 Harum

319 1409 422 1445 enim
446 1407 549 1455 prior
575 1405 719 1451 scripta
741 1404 988 1441 Roterodami
1010 1408 1068 1442 3³.
1093 1406 1187 1452 Maji
1215 1408 1307 1442 1687
1324 1431 1333 1449 ,
1369 1416 1456 1441 cum
1483 1405 1525 1439 in
1551 1404 1734 1450 Angliam
1771 1416 1857 1452 pro-

318 1476 554 1511 ficisceretur
591 1472 748 1514 Fatius‚
779 1483 868 1506 eum
890 1471 932 1506 in
956 1472 1073 1507 finem
1095 1472 1214 1508 missa
1239 1478 1320 1516 est,
1354 1479 1398 1507 ut
1421 1471 1644 1517 Hugenium
1663 1471 1710 1506 de
1734 1473 1857 1511 Patris

319 1543 374 1578 sui
406 1542 515 1579 obitu
546 1539 817 1576 consolaretur.
869 1539 1046 1574 Alteram
1081 1551 1174 1576 vero
1210 1540 1254 1577 75.
1275 1541 1298 1575 J
1302 1540 1352 1575 ul.
1379 1541 1494 1582 1690,
1519 1550 1558 1575 v.
1580 1550 1610 1575 s.
1639 1546 1677 1574 et
1704 1539 1857 1575 tertiam

316 1611 359 1645 71.
386 1618 474 1654 Aug.
495 1609 616 1648 1690,
641 1606 794 1652 scripsit
840 1606 975 1641 Fatius
1008 1606 1236 1652 Ultrajecti,
1272 1612 1354 1641 tum
1381 1612 1424 1641 ut
1469 1606 1649 1651 Hugenio
1671 1616 1784 1641 suum
1810 1617 1859 1642 ex

318 1675 459 1721 Anglia
481 1673 678 1716 reditum,
705 1683 989 1718 magnumque,
1022 1684 1098 1719 quo
1123 1673 1331 1719 flagrabat,
1364 1684 1455 1708 eum
1487 1673 1675 1709 visitandi
1703 1672 1860 1709 deside...

315 1743 417 1780 rium
448 1741 705 1787 significaret,
745 1745 830 1776 tum
856 1745 901 1774 ut
935 1740 1064 1786 ipsum
1101 1741 1303 1777 certiorem
1340 1740 1520 1776 redderet
1553 1750 1616 1783 se,
1648 1741 1854 1787 quominus

315 1811 406 1847 huic
420 1808 611 1845 desiderio
638 1805 882 1842 satisfaceret
906 1806 1112 1853 impediri,
1141 1820 1227 1844 cum
1256 1819 1369 1844 curae
1385 1819 1476 1843 suae
1505 1808 1693 1843 commissi
1727 1815 1857 1843 essent

319 1879 395 1915 duo
416 1879 584 1924 juvenes
607 1875 746 1921 Angli,
776 1875 843 1922 qui
875 1873 970 1910 adeo
985 1900 995 1918 ,
1033 1882 1076 1911 ut
1101 1877 1161 1912 sui
1191 1877 1293 1922 juris
1316 1882 1438 1918 esset,
1461 1875 1535 1921 ipsi
1558 1886 1635 1909 non
1657 1876 1857 1922 permitte-

318 1951 417 1982 rent.
445 1964 492 1970 —
520 1942 697 1987 Denique
749 1941 1152 1978 animadvertendum
1196 1948 1252 1977 est
1291 1950 1369 1977 tres
1414 1941 1585 1988 Hugenii
1614 1942 1663 1977 ad
1701 1942 1855 1979 Fatium

319 2011 500 2060 epistolas
521 2035 530 2052 ‚
574 2020 671 2055 quae
698 2008 740 2042 in
772 2015 903 2044 nostra
936 2009 1155 2045 collectione
1198 2020 1274 2044 non
1317 2014 1477 2051 extant,
1508 2008 1632 2044 editas
1669 2007 1789 2043 fuisse
1814 2010 1856 2045 in

318 2080 463 2116 diario:
498 2076 603 2114 Bibl.
639 2075 755 2112 Univ.
786 2075 877 2112 Avr.
910 2078 1014 2112 1823.
1076 2077 1161 2112 Hae
1203 2082 1333 2112 autem
1379 2082 1470 2112 sunt
1507 2076 1768 2123 responsoriae
1807 2077 1855 2112 atl

319 2146 524 2183 nonnullas
549 2155 678 2180 earum
695 2168 704 2186 ,
734 2153 829 2189 quas
850 2143 934 2189 jam
974 2153 1107 2179 sumus
1133 2142 1358 2178 exhibituri.
