2051 2648
886 145 1011 193 (⁴²¹)

182 247 306 282 siones
329 244 557 288 ascendere,
602 254 717 290 quam
742 243 827 291 ipse
861 242 954 280 olim
975 243 1120 280 calculo
1147 244 1344 290 collegerit
1371 256 1455 282 esse
1477 251 1632 283 tantum
1651 247 1707 282 di-³

182 312 423 348 mensionum
462 316 649 358 quatuor,
691 310 735 346 in
776 320 853 357 quo
874 321 914 344 se
941 309 1082 346 falsum
1107 310 1250 347 fatetur
1269 336 1281 355 ,
1321 323 1564 360 erroremque
1597 323 1710 350 suum

180 389 283 414 nunc
301 377 504 422 emendat3
529 385 649 424 utque
675 386 779 413 novo
811 376 973 414 invento
1002 386 1092 412 eum
1117 383 1362 423 compenset,
1389 378 1609 416 facillimam
1629 380 1712 427 ejus

180 447 305 481 lineae
348 445 670 481 constructionem
706 443 857 480 adferre
890 453 930 479 se
963 444 1042 486 ait,
1087 455 1186 489 quae
1209 450 1268 478 est
1301 444 1368 480 illa
1393 456 1441 481 ex
1465 445 1566 482 libro
1597 458 1709 489 meo,

180 523 303 559 neque
327 516 459 548 tamen
477 511 526 547 de
554 521 680 547 errore
707 521 774 546 suo
802 510 984 547 lectorem
1018 510 1211 547 admonet.
1266 511 1409 548 Vellem
1457 517 1588 549 autem
1619 514 1714 549 scire

181 579 267 626 quis
289 579 355 614 ille
383 577 472 613 olim
497 576 617 612 fuerit
642 577 828 617 calculus,
855 587 930 623 quo
947 583 1114 622 quatuor
1141 576 1403 613 dimensiones
1431 579 1527 614 istas
1549 580 1713 625 reperit3

182 644 294 681 credo
318 644 456 680 falsam
469 643 578 680 illam
602 653 761 680 curvam
799 641 865 679 A0.
903 643 996 678 1682
1033 642 1177 679 editam
1207 642 1258 679 ad
1275 643 1462 681 calculum
1491 645 1712 687 revocavit,

183 723 268 748 cum
293 722 362 758 pro
385 721 480 748 vera
499 711 626 759 ipsam
653 710 859 758 posuisset.

230 780 344 815 Porro
382 786 421 815 et
442 790 576 816 mense
603 778 730 826 Aprili
768 777 861 813 anni
891 777 1009 821 1690,
1044 778 1086 812 in
1121 777 1230 813 Actis
1261 777 1547 824 Lipsiensibus,
1584 789 1716 814 rursus

180 846 226 881 de
262 856 380 883 curva
417 846 488 883 hac
518 846 637 892 regit,
685 845 932 891 ostenditque
982 845 1256 892 epicycloidem
1293 856 1402 888 esse,
1446 845 1549 891 quod
1583 846 1715 891 procul

181 913 297 948 dubio
327 923 480 960 quoque
516 922 566 947 ex
590 923 678 947 mea
704 911 871 947 diatriba
892 911 1047 955 hausit,
1072 918 1281 959 postquam
1307 921 1447 957 nempe
1481 910 1583 947 vidit
1616 913 1715 957 prio-

179 991 258 1016 rem
298 979 430 1016 dolum
465 990 544 1015 non
567 979 734 1015 caruisse
765 988 951 1017 successu,
1002 977 1112 1016 Unde
1149 989 1261 1025 porro
1297 988 1346 1013 ex
1379 977 1562 1014 Newtoni
1600 989 1712 1024 opere

178 1047 338 1093 planum
356 1051 439 1083 erat
463 1047 563 1083 hanc
585 1057 744 1082 curvam
769 1044 908 1081 similis
935 1055 1076 1081 curvae
1105 1046 1214 1093 (non
1249 1050 1381 1080 autem
1422 1045 1713 1091 suimetipsius)

180 1113 398 1149 evolutione
430 1111 622 1154 describi,
662 1110 766 1158 quod
800 1117 892 1148 ante
931 1110 1072 1147 multos
1109 1121 1228 1146 annos
1262 1110 1419 1147 Parisiis
1448 1110 1714 1148 demonstravi

183 1180 397 1218 universali
415 1180 588 1223 ratione3
612 1190 734 1226 eaque
766 1178 1046 1215 demonstratio
1067 1188 1193 1214 coram
1220 1177 1455 1214 Academiae
1481 1179 1592 1214 sociis
1615 1179 1713 1216 lecta

180 1247 255 1282 fuit
286 1253 325 1281 et
347 1246 389 1281 in
415 1245 657 1281 collectiones
679 1244 801 1279 relata
825 1244 888 1279 die
902 1269 1041 1279 ......

232 1312 383 1349 Primus
408 1317 538 1348 autem
553 1336 563 1354 ,
590 1310 657 1358 qui
684 1310 733 1346 de
765 1309 1010 1356 Epicycloide
1040 1309 1254 1346 ostenderit
1290 1311 1541 1356 geometricas
1573 1323 1709 1350 curvas

181 1389 261 1416 esse
280 1403 290 1421 ‚
323 1383 363 1413 et
385 1377 513 1426 spatia
537 1388 669 1414 earum
688 1377 906 1414 mensurari
926 1386 1036 1424 posse
1051 1402 1061 1419 ‚
1095 1375 1172 1413 fuit
1201 1377 1405 1423 Presbyter
1428 1377 1588 1424 quidam
1619 1379 1726 1415 Nor-2.

179 1455 367 1489 manum,
408 1444 565 1482 nomine
591 1442 641 1480 de
670 1443 898 1486 Vaumesle‚
940 1442 1046 1490 cujus
1077 1453 1122 1478 ea
1161 1442 1209 1478 de
1242 1454 1283 1478 re
1316 1442 1449 1479 literas
1480 1444 1628 1490 aliquot
1662 1446 1711 1481 ad

176 1525 238 1550 me
270 1513 380 1550 datas
407 1510 582 1548 adserva.

224 1580 288 1623 Si,
316 1585 524 1627 antequam
550 1588 660 1614 meus
682 1577 780 1612 liber
804 1577 852 1614 de
870 1577 969 1613 Luce
995 1576 1161 1624 prodiit,
1197 1586 1363 1612 errorem
1386 1587 1497 1613 suum
1523 1578 1567 1613 in
1593 1589 1711 1615 curva

178 1645 427 1683 describenda
461 1645 699 1690 cognovisset
741 1642 842 1679 DJP.
860 1669 869 1686 ,
887 1644 972 1690 jam
996 1650 1084 1680 ante
1113 1653 1266 1691 quoque
1301 1642 1431 1689 ipsum
1458 1644 1709 1688 correxisset,

176 1726 245 1750 nec
271 1714 362 1750 totis
384 1717 405 1750 8
430 1713 543 1750 annis
579 1712 752 1749 omnium
789 1711 1079 1759 reprehensioni
1117 1710 1339 1758 expositum
1361 1710 1595 1757 reliquisset.
1648 1713 1711 1748 An

176 1781 402 1817 Bernoulius
440 1780 603 1817 fortasse
641 1790 738 1827 eum·
763 1778 1069 1816 animadvertit?
1095 1777 1174 1815 Sed
1205 1778 1305 1814 nihil
1342 1778 1502 1815 invenio
1527 1778 1569 1814 in
1599 1779 1707 1816 Actis

175 1848 465 1896 Lipsiensibus,
490 1859 567 1895 quo
590 1847 632 1882 id
662 1852 861 1895 appareat.
1156 1890 1163 1896 ,

223 1916 456 1953 Asse-verare
477 1915 603 1951 ausim
632 1914 682 1950 D.
705 1915 749 1951 T.
775 1913 922 1950 nullam
954 1914 1142 1950 hactenus
1165 1912 1534 1949 demonstrationem
1567 1914 1705 1951 habere

175 1983 386 2029 legitimam
413 1981 681 2029 descriptionis
714 1993 919 2018 curvarum
946 1981 993 2016 de
1026 1992 1102 2028 qua
1140 1992 1227 2030 pag.
1256 1982 1301 2018 ⁷1
1332 1980 1386 2016 As,
1414 1981 1518 2017 1690.
1536 1995 1554 2015 ν

222 2050 282 2085 Ex
315 2050 386 2085 hac
415 2050 509 2085 satis
540 2049 670 2096 ampla
705 2048 952 2085 annotatione
994 2048 1178 2084 discimus
1219 2045 1494 2084 verosimiliter
1520 2046 1706 2083 Tschirn-

176 2117 284 2153 husio
320 2118 529 2161 nonnulla,
581 2124 622 2154 at
653 2116 910 2164 imperfecta,
955 2115 1003 2152 de
1039 2115 1212 2164 Hugenii
1253 2115 1415 2150 invento
1453 2113 1550 2150 circa
1582 2113 1704 2152 Caus—

176 2185 269 2219 ticas
303 2183 702 2229 innotuisse„eaque
737 2184 813 2229 ipsi
853 2195 1006 2219 causam
1036 2183 1155 2219 fuisse
1184 2182 1323 2219 erroris
1349 2192 1463 2227 quem
1494 2182 1705 2225 commisit,

1179 2249 1211 2282 F
