2051 2648
843 147 994 194 (161)

134 249 187 284 ibi
218 249 289 283 loci
307 245 556 292 conscripsit,
589 244 655 280 sed
694 244 857 290 quibus,
897 250 939 279 ut
961 244 1044 289 ipse
1070 247 1235 277 testatus
1268 249 1347 288 est,
1381 245 1502 280 multo
1540 257 1648 293 prae-

132 314 296 350 stantius
322 320 380 348 est
401 311 519 353 illud,
548 309 649 356 quod
690 310 862 355 ejusdem
888 309 976 344 libri
998 319 1084 354 pag.
1115 311 1182 344 180
1212 317 1476 347 annotaverat.

181 380 391 416 Continent
439 379 513 413 ista
555 377 696 424 pagina
737 377 807 410 180
856 381 895 411 et
933 375 1032 410 duae
1064 381 1270 420 sequentes
1312 378 1518 423 figurarum
1558 391 1651 415 non-

133 447 326 482 nullarum
366 445 667 485 delineationes,
725 455 836 489 porro
884 442 1159 488 descriptiones
1197 448 1236 477 et
1285 443 1649 497 demonstrationes,

133 524 231 559 quae
267 519 441 559 spectant
475 511 637 546 Libram
671 510 952 552 Isochronam,
983 508 1242 555 praecedenti
1267 510 1487 554 meliorem,
1527 517 1566 546 et
1592 515 1651 547 in-

131 585 286 614 ventam
317 581 366 615 6⁰.
386 579 537 613 Martii
568 580 671 614 1693.

178 646 292 681 Libra
315 645 407 680 haec
432 650 579 679 constat
607 644 694 693 (fig.
718 645 787 691 59)
810 643 952 678 annulo
973 643 1187 684 metallico,
1214 644 1256 678 in
1280 648 1411 677 centro
1432 654 1550 690 super
1581 653 1650 679 axe

127 710 298 757 perfecte
337 710 480 746 mobili.
531 711 591 745 EX
637 707 771 744 eodem
806 709 875 743 hoc
905 714 1035 743 centro
1081 707 1293 754 procedunt
1345 708 1443 744 ‹luae
1484 709 1649 746 laminae

128 777 341 812 metallicae
357 801 367 819 ,
398 787 561 822 quarum
586 775 852 811 extremitates
872 774 1084 810 secundum
1109 775 1232 820 legem
1261 774 1454 821 quandam
1478 782 1569 811 sunt
1590 777 1650 811 in-

127 849 323 879 curvatae.
375 844 420 878 In
445 848 587 889 puncto
609 842 639 879 C
665 841 913 889 suspenditur
929 842 1034 877 filum
1062 842 1122 878 vel
1150 842 1311 878 linteum
1346 843 1647 888 quammaxime

126 908 251 944 flexile
268 933 278 950 ,
305 909 365 944 cui
393 909 616 945 annectitur
628 908 791 955 ponduS.
844 910 930 944 Jam
951 921 1064 953 vero,
1095 909 1127 943 si
1157 909 1388 944 laminarum
1409 909 1578 945 curvedo
1604 920 1650 944 ea

128 974 204 1016 sit,
244 986 342 1020 quae
368 976 490 1011 oritur
511 986 559 1010 ex
580 976 798 1012 evolutione
823 976 955 1012 circuli
986 975 1316 1011 circumferentiae
1332 1001 1343 1019 ‚
1382 976 1479 1011 libra
1505 975 1651 1010 oscilla-

128 1039 251 1075 tiones
274 1051 362 1076 suas
383 1049 541 1087 peraget
565 1043 803 1085 isochronas‚
833 1048 871 1077 et
886 1042 1069 1088 horologii
1093 1042 1260 1088 pendulo
1287 1042 1429 1088 poterit
1452 1041 1645 1076 substitui.

179 1107 261 1142 Hoc
295 1113 354 1141 est
386 1107 557 1151 Hugenii
589 1108 817 1149 inventum,
841 1118 957 1143 versu
980 1118 1095 1151 supra
1122 1108 1239 1141 citato
1266 1118 1488 1152 expressum
1504 1131 1514 1148 ,
1548 1107 1650 1152 quod

124 1171 254 1218 paucis
274 1172 357 1216 Jam
385 1170 507 1214 ipsius
534 1171 664 1204 verbis
696 1171 889 1203 illustrare
913 1172 1041 1212 juvat.

173 1238 229 1271 Ac
253 1235 420 1281 primum
454 1232 610 1279 quidem
636 1232 838 1269 videamus
872 1232 920 1268 de
944 1238 1071 1268 motus
1094 1234 1264 1279 aequalis
1294 1233 1644 1281 demonstratione,

128 1314 241 1349 quam
266 1303 318 1336 sic
341 1300 589 1336 concinnavit
615 1306 766 1336 auctor:

178 1384 196 1404 v
215 1369 255 1404 Si
270 1369 348 1417 (fig.
365 1367 431 1413 60)
443 1367 485 1402 in
500 1379 588 1402 arcu
608 1368 637 1404 C
651 1368 691 1404 H
705 1368 899 1413 quaelibet
915 1375 1044 1415 partes
1059 1368 1295 1416 accipiantur
1309 1370 1382 1406 CD
1398 1395 1408 1413 ,
1428 1372 1462 1406 D
1473 1373 1506 1407 G
1517 1398 1527 1415 ,
1541 1374 1574 1409 G
1591 1375 1619 1411 E
1634 1399 1644 1418 ,

125 1442 164 1471 et
190 1448 212 1470 a
241 1434 392 1481 punctis
420 1435 476 1478 D,
509 1435 566 1476 G,
604 1435 635 1469 E
670 1434 902 1471 evolvantur
938 1437 1025 1479 fila,
1072 1436 1402 1472 circumferentiae
1430 1440 1643 1484 applicata,

125 1508 168 1537 ut
194 1501 459 1536 describantur
484 1511 532 1536 ex
561 1501 781 1537 evolutione
804 1502 928 1538 lineae
955 1503 1049 1546 DQ,
1077 1503 1172 1545 GP,
1199 1504 1270 1539 ES
1287 1529 1297 1545 ,
1332 1515 1453 1551 usque
1479 1506 1644 1552 inhhori-

122 1567 313 1602 zontalem
340 1566 437 1608 CR,
470 1573 630 1612 apparet
646 1592 655 1609 ,
675 1578 761 1603 cum
787 1568 817 1604 C
840 1576 1027 1614 punctum
1050 1569 1294 1605 conversione
1316 1571 1399 1605 axis
1423 1574 1646 1617 pervenerit

121 1634 163 1667 in
194 1633 253 1677 D,
285 1631 402 1677 (quia
420 1632 491 1668 CR
518 1632 564 1667 ad
579 1643 710 1668 omnes
731 1633 943 1680 descriptas
969 1645 1105 1670 curvas
1131 1636 1310 1672 normalis
1327 1636 1402 1683 est)
1433 1643 1525 1672 tunc
1550 1649 1643 1684 pon-

123 1699 194 1735 dus
220 1710 433 1745 appensum
460 1704 674 1734 tracturum
696 1699 1082 1747 perQMpe1·pend.;
1113 1712 1196 1736 cum
1212 1713 1303 1738 vero
1319 1703 1348 1738 C
1368 1703 1410 1737 in
1433 1704 1489 1746 G,
1513 1706 1641 1741 trahet

122 1778 191 1812 per
215 1765 306 1804 PA.
356 1765 455 1801 Sunt
489 1771 617 1801 autem
655 1772 851 1802 momenta
886 1768 1076 1804 trahentis
1113 1768 1210 1804 sicut
1250 1769 1457 1805 distantiae
1492 1772 1567 1809 PC
1592 1772 1641 1809 ad

123 1831 221 1875 QC,
254 1837 367 1877 atque
397 1832 452 1866 ita
480 1843 630 1878 quoque
660 1843 768 1868 arcus
798 1834 1010 1880 peragendi
1041 1846 1063 1869 a
1085 1835 1224 1870 circulo
1246 1836 1466 1880 libratorio,
1501 1849 1639 1885 nempe

119 1898 215 1940 GC,
251 1897 353 1942 DC;
387 1910 475 1944 ergo
507 1910 657 1946 semper
692 1906 886 1936 momenta
926 1901 1113 1948 impulsus
1150 1908 1264 1937 erunt
1302 1909 1345 1937 ut
1377 1904 1502 1949 spatia
1532 1912 1639 1942 motu

121 1963 291 1998 circulari
313 1964 531 2009 peragenda
553 1975 674 2011 usque
707 1966 755 2002 ad
780 1973 968 2012 punctum
995 1967 1046 2010 C,
1085 1967 1151 2002 ubi
1179 1967 1367 2013 impulsus
1398 1969 1446 2004 ad
1471 1970 1636 2007 nihilum

120 2028 366 2075 perducitur,
394 2041 510 2076 quare
535 2037 707 2078 tempora
727 2033 985 2078 quarumlibet
1005 2033 1251 2068 librationum
1278 2035 1453 2078 aequalia
1467 2043 1591 2071 erunt.
1609 2052 1628 2072 υ

168 2094 269 2130 Huic
292 2094 610 2135 demonstrationi
632 2099 833 2144 sequentia
861 2099 978 2134 etiam
1006 2098 1206 2144 adjunxit:

172 2175 190 2195 ι
207 2160 401 2204 Quatenus
423 2163 573 2207 pondus
600 2164 634 2201 A
664 2166 829 2211 (fig.59)
859 2166 1032 2211 pendens
1056 2176 1103 2201 ex
1123 2166 1288 2201 taeniola
1313 2165 1392 2203 AC
1426 2169 1636 2214 aequaliter

1275 2231 1310 2266 X
