<?xml version="1.0" encoding="UTF-8"?>
<!DOCTYPE html PUBLIC "-//W3C//DTD XHTML 1.0 Transitional//EN"
    "http://www.w3.org/TR/xhtml1/DTD/xhtml1-transitional.dtd">
<html xmlns="http://www.w3.org/1999/xhtml" xml:lang="en" lang="en">
 <head>
  <title>
</title>
<meta http-equiv="Content-Type" content="text/html;charset=utf-8" />
  <meta name='ocr-system' content='tesseract 3.04.00' />
  <meta name='ocr-capabilities' content='ocr_page ocr_carea ocr_par ocr_line ocrx_word'/>
</head>
<body>
  <div class='ocr_page' id='page_1' title='image "./christianihugeni00huyg_0362.png"; bbox 0 0 2051 2648; ppageno 0'>
   <div class='ocr_carea' id='block_1_1' title="bbox 939 127 1073 175">
    <p class='ocr_par' dir='ltr' id='par_1_1' title="bbox 939 127 1073 175">
     <span class='ocr_line' id='line_1_1' title="bbox 939 127 1073 175; baseline -0.022 0"><span class='ocrx_word' id='word_1_1' title='bbox 939 127 1073 175; x_wconf 71' lang='grc' dir='ltr'>(ιε)</span> 
     </span>
    </p>
   </div>
   <div class='ocr_carea' id='block_1_2' title="bbox 259 223 1794 475">
    <p class='ocr_par' dir='ltr' id='par_1_2' title="bbox 259 223 1794 475">
     <span class='ocr_line' id='line_1_2' title="bbox 262 223 1787 273; baseline -0.002 -10"><span class='ocrx_word' id='word_1_2' title='bbox 262 228 441 264; x_wconf 87' lang='lat' dir='ltr'>omnibus</span> <span class='ocrx_word' id='word_1_3' title='bbox 466 232 630 273; x_wconf 86' lang='lat' dir='ltr'>quatuor</span> <span class='ocrx_word' id='word_1_4' title='bbox 661 224 829 260; x_wconf 85' lang='lat' dir='ltr'>invicem</span> <span class='ocrx_word' id='word_1_5' title='bbox 855 224 982 260; x_wconf 88' lang='lat' dir='ltr'>ductis</span> <span class='ocrx_word' id='word_1_6' title='bbox 1019 231 1058 259; x_wconf 85' lang='lat' dir='ltr'>et</span> <span class='ocrx_word' id='word_1_7' title='bbox 1089 223 1201 259; x_wconf 87' lang='lat' dir='ltr'>datae</span> <span class='ocrx_word' id='word_1_8' title='bbox 1227 229 1353 259; x_wconf 81' lang='lat' dir='ltr'>rectae</span> <span class='ocrx_word' id='word_1_9' title='bbox 1388 224 1421 259; x_wconf 88' lang='lat' dir='ltr'><strong>G</strong></span> <span class='ocrx_word' id='word_1_10' title='bbox 1447 224 1648 270; x_wconf 81' lang='lat' dir='ltr'>applicatis</span> <span class='ocrx_word' id='word_1_11' title='bbox 1677 223 1787 260; x_wconf 81' lang='lat' dir='ltr'>facto.</span> 
     </span>
     <span class='ocr_line' id='line_1_3' title="bbox 260 290 1791 342; baseline -0.004 -11"><span class='ocrx_word' id='word_1_12' title='bbox 260 296 334 331; x_wconf 92' lang='lat' dir='ltr'>His</span> <span class='ocrx_word' id='word_1_13' title='bbox 366 295 522 342; x_wconf 82' lang='lat' dir='ltr'>positis,</span> <span class='ocrx_word' id='word_1_14' title='bbox 550 304 598 328; x_wconf 87' lang='lat' dir='ltr'>ex</span> <span class='ocrx_word' id='word_1_15' title='bbox 634 298 777 339; x_wconf 89' lang='lat' dir='ltr'>puncto</span> <span class='ocrx_word' id='word_1_16' title='bbox 803 291 893 328; x_wconf 88' lang='lat' dir='ltr'>dato</span> <span class='ocrx_word' id='word_1_17' title='bbox 922 293 955 328; x_wconf 90' lang='lat' dir='ltr'>E</span> <span class='ocrx_word' id='word_1_18' title='bbox 986 297 1148 338; x_wconf 84' lang='lat' dir='ltr'>tangens</span> <span class='ocrx_word' id='word_1_19' title='bbox 1183 290 1255 326; x_wconf 90' lang='lat' dir='ltr'>ET</span> <span class='ocrx_word' id='word_1_20' title='bbox 1296 292 1360 327; x_wconf 80' lang='lat' dir='ltr'>axi</span> <span class='ocrx_word' id='word_1_21' title='bbox 1384 302 1581 327; x_wconf 87' lang='lat' dir='ltr'>occurrens</span> <span class='ocrx_word' id='word_1_22' title='bbox 1610 292 1652 326; x_wconf 89' lang='lat' dir='ltr'>in</span> <span class='ocrx_word' id='word_1_23' title='bbox 1683 290 1714 326; x_wconf 88' lang='grc' dir='ltr'><strong>Τ</strong></span> <span class='ocrx_word' id='word_1_24' title='bbox 1737 291 1791 325; x_wconf 86' lang='lat' dir='ltr'>ita</span> 
     </span>
     <span class='ocr_line' id='line_1_4' title="bbox 260 357 1794 404; baseline -0.003 -7"><span class='ocrx_word' id='word_1_25' title='bbox 260 363 458 397; x_wconf 85' lang='lat' dir='ltr'><strong>educetur.</strong></span> <span class='ocrx_word' id='word_1_26' title='bbox 523 361 583 396; x_wconf 87' lang='lat' dir='ltr'>Ex</span> <span class='ocrx_word' id='word_1_27' title='bbox 615 360 648 395; x_wconf 92' lang='lat' dir='ltr'>E</span> <span class='ocrx_word' id='word_1_28' title='bbox 697 359 928 395; x_wconf 81' lang='lat' dir='ltr'><strong>demittatur</strong></span> <span class='ocrx_word' id='word_1_29' title='bbox 963 360 1006 394; x_wconf 86' lang='lat' dir='ltr'>in</span> <span class='ocrx_word' id='word_1_30' title='bbox 1050 369 1162 394; x_wconf 82' lang='lat' dir='ltr'>axem</span> <span class='ocrx_word' id='word_1_31' title='bbox 1215 357 1544 404; x_wconf 74' lang='lat' dir='ltr'>perpendicularis</span> <span class='ocrx_word' id='word_1_32' title='bbox 1580 359 1682 403; x_wconf 86' lang='lat' dir='ltr'>EF;</span> <span class='ocrx_word' id='word_1_33' title='bbox 1721 369 1794 404; x_wconf 68' lang='lat' dir='ltr'>po-</span> 
     </span>
     <span class='ocr_line' id='line_1_5' title="bbox 259 425 1792 475; baseline -0.005 -10"><span class='ocrx_word' id='word_1_34' title='bbox 259 440 396 465; x_wconf 86' lang='lat' dir='ltr'>namus</span> <span class='ocrx_word' id='word_1_35' title='bbox 439 433 569 464; x_wconf 81' lang='lat' dir='ltr'>autem</span> <span class='ocrx_word' id='word_1_36' title='bbox 614 426 842 475; x_wconf 80' lang='lat' dir='ltr'>(facilitatis</span> <span class='ocrx_word' id='word_1_37' title='bbox 877 427 1025 472; x_wconf 84' lang='lat' dir='ltr'>gratia,</span> <span class='ocrx_word' id='word_1_38' title='bbox 1067 438 1116 462; x_wconf 87' lang='lat' dir='ltr'>ne</span> <span class='ocrx_word' id='word_1_39' title='bbox 1158 427 1266 471; x_wconf 84' lang='lat' dir='ltr'>signa</span> <span class='ocrx_word' id='word_1_40' title='bbox 1315 432 1466 461; x_wconf 87' lang='lat' dir='ltr'>mutare</span> <span class='ocrx_word' id='word_1_41' title='bbox 1514 435 1667 460; x_wconf 87' lang='lat' dir='ltr'>necesse</span> <span class='ocrx_word' id='word_1_42' title='bbox 1707 425 1792 472; x_wconf 89' lang='lat' dir='ltr'>sit)</span> 
     </span>
    </p>
   </div>
   <div class='ocr_carea' id='block_1_3' title="bbox 258 493 989 541">
    <p class='ocr_par' dir='ltr' id='par_1_3' title="bbox 258 493 989 541">
     <span class='ocr_line' id='line_1_6' title="bbox 258 493 989 541; baseline -0.001 -11"><span class='ocrx_word' id='word_1_43' title='bbox 258 503 444 541; x_wconf 80' lang='lat' dir='ltr'>punctum</span> <span class='ocrx_word' id='word_1_44' title='bbox 469 496 500 531; x_wconf 88' lang='lat' dir='ltr'>F</span> <span class='ocrx_word' id='word_1_45' title='bbox 527 494 662 530; x_wconf 82' lang='lat' dir='ltr'>cadere</span> <span class='ocrx_word' id='word_1_46' title='bbox 691 495 794 528; x_wconf 88' lang='lat' dir='ltr'>inter</span> <span class='ocrx_word' id='word_1_47' title='bbox 815 494 848 528; x_wconf 91' lang='lat' dir='ltr'><strong>A</strong></span> <span class='ocrx_word' id='word_1_48' title='bbox 880 500 919 528; x_wconf 89' lang='lat' dir='ltr'>et</span> <span class='ocrx_word' id='word_1_49' title='bbox 946 493 989 530; x_wconf 86' lang='lat' dir='ltr'>T.</span> 
     </span>
    </p>
   </div>
   <div class='ocr_carea' id='block_1_4' title="bbox 235 620 1813 1043">
    <p class='ocr_par' dir='ltr' id='par_1_4' title="bbox 235 620 1813 1043">
     <span class='ocr_line' id='line_1_7' title="bbox 502 620 1458 665; baseline -0.004 -9"><span class='ocrx_word' id='word_1_50' title='bbox 502 630 589 665; x_wconf 81' lang='lat' dir='ltr'>prima</span> <span class='ocrx_word' id='word_1_51' title='bbox 683 627 805 656; x_wconf 79' lang='lat' dir='ltr'>secunda</span> <span class='ocrx_word' id='word_1_52' title='bbox 857 628 938 656; x_wconf 74' lang='lat' dir='ltr'>tertia</span> <span class='ocrx_word' id='word_1_53' title='bbox 957 620 1166 663; x_wconf 75' lang='lat' dir='ltr'>(luarta&#39;&#39;q11inia</span> <span class='ocrx_word' id='word_1_54' title='bbox 1187 626 1263 653; x_wconf 77' lang='lat' dir='ltr'>sexta</span> <span class='ocrx_word' id='word_1_55' title='bbox 1291 627 1364 662; x_wconf 78' lang='lat' dir='ltr'>sepi.</span> <span class='ocrx_word' id='word_1_56' title='bbox 1405 628 1458 654; x_wconf 85' lang='lat' dir='ltr'>oct.</span> 
     </span>
     <span class='ocr_line' id='line_1_8' title="bbox 1695 673 1801 691; baseline 0 0"><span class='ocrx_word' id='word_1_57' title='bbox 1695 673 1801 691; x_wconf 71' lang='lat' dir='ltr'>summa</span> 
     </span>
     <span class='ocr_line' id='line_1_9' title="bbox 500 703 1802 738; baseline -0.001 -7"><span class='ocrx_word' id='word_1_58' title='bbox 500 705 539 732; x_wconf 79' lang='lat' dir='ltr'>sit</span> <span class='ocrx_word' id='word_1_59' title='bbox 558 704 592 731; x_wconf 84' lang='lat' dir='ltr'>ad</span> <span class='ocrx_word' id='word_1_60' title='bbox 701 703 738 731; x_wconf 73' lang='lat' dir='ltr'>sit</span> <span class='ocrx_word' id='word_1_61' title='bbox 759 704 794 731; x_wconf 82' lang='lat' dir='ltr'>ad</span> <span class='ocrx_word' id='word_1_62' title='bbox 890 724 896 730; x_wconf 89' lang='lat'>.</span> <span class='ocrx_word' id='word_1_63' title='bbox 997 724 1003 730; x_wconf 93' lang='lat'>.</span> <span class='ocrx_word' id='word_1_64' title='bbox 1111 722 1118 728; x_wconf 83' lang='lat'><strong>.</strong></span> <span class='ocrx_word' id='word_1_65' title='bbox 1216 722 1221 727; x_wconf 93' lang='lat'>.</span> <span class='ocrx_word' id='word_1_66' title='bbox 1320 722 1326 728; x_wconf 90' lang='lat'><strong>.</strong></span> <span class='ocrx_word' id='word_1_67' title='bbox 1426 722 1432 728; x_wconf 86' lang='lat'><strong><em>.</em></strong></span> <span class='ocrx_word' id='word_1_68' title='bbox 1684 705 1802 738; x_wconf 73' lang='lat' dir='ltr'>quatuor</span> 
     </span>
     <span class='ocr_line' id='line_1_10' title="bbox 1516 740 1795 768; baseline 0.004 -1"><span class='ocrx_word' id='word_1_69' title='bbox 1516 740 1571 768; x_wconf 71' lang='lat' dir='ltr'>erit</span> <span class='ocrx_word' id='word_1_70' title='bbox 1699 740 1795 768; x_wconf 59' lang='lat' dir='ltr'>hamus</span> 
     </span>
     <span class='ocr_line' id='line_1_11' title="bbox 518 774 1813 807; baseline -0.001 -1"><span class='ocrx_word' id='word_1_71' title='bbox 518 780 541 807; x_wconf 83' lang='lat' dir='ltr'>E</span> <span class='ocrx_word' id='word_1_72' title='bbox 562 778 584 806; x_wconf 83' lang='lat' dir='ltr'>F</span> <span class='ocrx_word' id='word_1_73' title='bbox 718 777 742 805; x_wconf 83' lang='grc' dir='ltr'><strong><em>Ε</em></strong></span> <span class='ocrx_word' id='word_1_74' title='bbox 762 777 785 805; x_wconf 91' lang='lat' dir='ltr'>F</span> <span class='ocrx_word' id='word_1_75' title='bbox 891 800 896 805; x_wconf 89' lang='lat'>.</span> <span class='ocrx_word' id='word_1_76' title='bbox 996 799 1002 805; x_wconf 95' lang='lat'>.</span> <span class='ocrx_word' id='word_1_77' title='bbox 1082 775 1108 804; x_wconf 93' lang='lat' dir='ltr'>D</span> <span class='ocrx_word' id='word_1_78' title='bbox 1123 775 1146 803; x_wconf 84' lang='lat' dir='ltr'>F</span> <span class='ocrx_word' id='word_1_79' title='bbox 1196 774 1217 802; x_wconf 88' lang='lat' dir='ltr'>C</span> <span class='ocrx_word' id='word_1_80' title='bbox 1229 775 1251 801; x_wconf 82' lang='lat' dir='ltr'>F</span> <span class='ocrx_word' id='word_1_81' title='bbox 1302 776 1323 804; x_wconf 87' lang='lat' dir='ltr'>B</span> <span class='ocrx_word' id='word_1_82' title='bbox 1335 775 1357 803; x_wconf 86' lang='lat' dir='ltr'>F</span> <span class='ocrx_word' id='word_1_83' title='bbox 1405 778 1429 805; x_wconf 92' lang='lat' dir='ltr'><strong>A</strong></span> <span class='ocrx_word' id='word_1_84' title='bbox 1439 776 1461 804; x_wconf 89' lang='lat' dir='ltr'>F</span> <span class='ocrx_word' id='word_1_85' title='bbox 1676 781 1813 806; x_wconf 71' lang='lat' dir='ltr'>rectarum</span> 
     </span>
     <span class='ocr_line' id='line_1_12' title="bbox 237 809 1804 853; baseline -0.001 -8"><span class='ocrx_word' id='word_1_86' title='bbox 237 817 431 846; x_wconf 75' lang='lat' dir='ltr'>constructio:</span> <span class='ocrx_word' id='word_1_87' title='bbox 445 809 449 846; x_wconf 75' lang='lat' dir='ltr'>i</span> <span class='ocrx_word' id='word_1_88' title='bbox 1513 814 1538 842; x_wconf 90' lang='lat' dir='ltr'>T</span> <span class='ocrx_word' id='word_1_89' title='bbox 1547 814 1569 842; x_wconf 84' lang='lat' dir='ltr'>F</span> <span class='ocrx_word' id='word_1_90' title='bbox 1682 817 1804 853; x_wconf 77' lang='lat' dir='ltr'>priorum</span> 
     </span>
     <span class='ocr_line' id='line_1_13' title="bbox 242 853 1757 891; baseline -0.002 -8"><span class='ocrx_word' id='word_1_91' title='bbox 242 857 423 884; x_wconf 67' lang='lat' dir='ltr'>exhibeantur</span> <span class='ocrx_word' id='word_1_92' title='bbox 438 855 478 882; x_wconf 69' lang='lat' dir='ltr'>¹-in</span> <span class='ocrx_word' id='word_1_93' title='bbox 497 857 549 883; x_wconf 78' lang='lat' dir='ltr'>rai.</span> <span class='ocrx_word' id='word_1_94' title='bbox 565 854 639 891; x_wconf 70' lang='lat' dir='ltr'>iripl.</span> <span class='ocrx_word' id='word_1_95' title='bbox 654 853 682 881; x_wconf 88' lang='lat' dir='ltr'>in</span> <span class='ocrx_word' id='word_1_96' title='bbox 696 855 748 882; x_wconf 70' lang='lat' dir='ltr'>rai.</span> <span class='ocrx_word' id='word_1_97' title='bbox 763 853 837 891; x_wconf 78' lang='lat' dir='ltr'>tripl.</span> <span class='ocrx_word' id='word_1_98' title='bbox 891 876 897 881; x_wconf 89' lang='lat'><strong><em>.</em></strong></span> <span class='ocrx_word' id='word_1_99' title='bbox 996 875 1002 880; x_wconf 95' lang='lat'>.</span> <span class='ocrx_word' id='word_1_100' title='bbox 1110 873 1117 879; x_wconf 86' lang='lat'>.</span> <span class='ocrx_word' id='word_1_101' title='bbox 1216 873 1221 878; x_wconf 83' lang='grc'>.</span> <span class='ocrx_word' id='word_1_102' title='bbox 1321 872 1327 877; x_wconf 82' lang='lat'>-</span> <span class='ocrx_word' id='word_1_103' title='bbox 1427 874 1432 880; x_wconf 87' lang='lat'>.</span> <span class='ocrx_word' id='word_1_104' title='bbox 1610 856 1641 882; x_wconf 86' lang='lat' dir='ltr'>ut</span> <span class='ocrx_word' id='word_1_105' title='bbox 1724 856 1757 881; x_wconf 74' lang='lat' dir='ltr'>nd</span> 
     </span>
     <span class='ocr_line' id='line_1_14' title="bbox 235 892 1813 927; baseline -0.001 -7"><span class='ocrx_word' id='word_1_106' title='bbox 235 896 325 921; x_wconf 63' lang='lat' dir='ltr'>sectae</span> <span class='ocrx_word' id='word_1_107' title='bbox 354 897 431 927; x_wconf 81' lang='lat' dir='ltr'>octo,</span> <span class='ocrx_word' id='word_1_108' title='bbox 1524 892 1558 918; x_wconf 82' lang='lat' dir='ltr'>ad</span> <span class='ocrx_word' id='word_1_109' title='bbox 1675 901 1813 920; x_wconf 75' lang='lat' dir='ltr'>summam</span> 
     </span>
     <span class='ocr_line' id='line_1_15' title="bbox 272 929 1805 967; baseline 0 -9"><span class='ocrx_word' id='word_1_110' title='bbox 272 942 386 967; x_wconf 84' lang='lat' dir='ltr'>quarum</span> <span class='ocrx_word' id='word_1_111' title='bbox 500 932 524 958; x_wconf 92' lang='lat' dir='ltr'><strong>G</strong></span> <span class='ocrx_word' id='word_1_112' title='bbox 547 932 582 957; x_wconf 80' lang='lat' dir='ltr'>ad</span> <span class='ocrx_word' id='word_1_113' title='bbox 706 929 733 957; x_wconf 87' lang='lat' dir='ltr'><strong>G</strong></span> <span class='ocrx_word' id='word_1_114' title='bbox 755 930 790 957; x_wconf 71' lang='lat' dir='ltr'>ad</span> <span class='ocrx_word' id='word_1_115' title='bbox 889 950 896 958; x_wconf 82' lang='lat'><em>.</em></span> <span class='ocrx_word' id='word_1_116' title='bbox 995 950 1009 964; x_wconf 84' lang='lat'>-.</span> <span class='ocrx_word' id='word_1_117' title='bbox 1110 949 1116 955; x_wconf 90' lang='lat'>.</span> <span class='ocrx_word' id='word_1_118' title='bbox 1216 948 1222 953; x_wconf 92' lang='lat'>.</span> <span class='ocrx_word' id='word_1_119' title='bbox 1322 949 1327 954; x_wconf 89' lang='lat'>.</span> <span class='ocrx_word' id='word_1_120' title='bbox 1427 950 1432 955; x_wconf 94' lang='lat'>.</span> <span class='ocrx_word' id='word_1_121' title='bbox 1686 933 1805 966; x_wconf 70' lang='lat' dir='ltr'>quatuor</span> 
     </span>
     <span class='ocr_line' id='line_1_16' title="bbox 1513 966 1811 1005; baseline 0.007 -11"><span class='ocrx_word' id='word_1_122' title='bbox 1513 967 1537 994; x_wconf 86' lang='lat' dir='ltr'>E</span> <span class='ocrx_word' id='word_1_123' title='bbox 1546 966 1568 994; x_wconf 85' lang='lat' dir='ltr'>F</span> <span class='ocrx_word' id='word_1_124' title='bbox 1675 970 1811 1005; x_wconf 72' lang='lat' dir='ltr'>posterio—</span> 
     </span>
     <span class='ocr_line' id='line_1_17' title="bbox 507 1001 1791 1043; baseline 0 -10"><span class='ocrx_word' id='word_1_125' title='bbox 507 1006 578 1035; x_wconf 83' lang='lat' dir='ltr'>DE</span> <span class='ocrx_word' id='word_1_126' title='bbox 713 1005 780 1033; x_wconf 82' lang='lat' dir='ltr'>CE</span> <span class='ocrx_word' id='word_1_127' title='bbox 868 1004 924 1032; x_wconf 83' lang='lat' dir='ltr'>BE</span> <span class='ocrx_word' id='word_1_128' title='bbox 972 1004 1038 1032; x_wconf 89' lang='grc' dir='ltr'>ΑΕ</span> <span class='ocrx_word' id='word_1_129' title='bbox 1092 1002 1156 1031; x_wconf 88' lang='lat' dir='ltr'>DE</span> <span class='ocrx_word' id='word_1_130' title='bbox 1196 1001 1251 1030; x_wconf 83' lang='lat' dir='ltr'>CE</span> <span class='ocrx_word' id='word_1_131' title='bbox 1299 1001 1355 1030; x_wconf 86' lang='lat' dir='ltr'>BE</span> <span class='ocrx_word' id='word_1_132' title='bbox 1404 1004 1461 1032; x_wconf 87' lang='grc' dir='ltr'>ΑΕ</span> <span class='ocrx_word' id='word_1_133' title='bbox 1674 1008 1791 1043; x_wconf 67' lang='lat' dir='ltr'>rum(&#39;‘)</span> 
     </span>
    </p>
   </div>
   <div class='ocr_carea' id='block_1_5' title="bbox 331 1163 1774 1207">
    <p class='ocr_par' dir='ltr' id='par_1_5' title="bbox 331 1163 1774 1207">
     <span class='ocr_line' id='line_1_18' title="bbox 331 1163 1774 1207; baseline -0.001 -11"><span class='ocrx_word' id='word_1_134' title='bbox 331 1172 378 1207; x_wconf 57' lang='grc' dir='ltr'>(Ὅ</span> <span class='ocrx_word' id='word_1_135' title='bbox 400 1169 559 1197; x_wconf 70' lang='lat' dir='ltr'>Notandum</span> <span class='ocrx_word' id='word_1_136' title='bbox 584 1170 697 1199; x_wconf 70' lang='lat' dir='ltr'>tamen,</span> <span class='ocrx_word' id='word_1_137' title='bbox 740 1167 763 1194; x_wconf 88' lang='lat' dir='ltr'>si</span> <span class='ocrx_word' id='word_1_138' title='bbox 785 1167 919 1203; x_wconf 74' lang='lat' dir='ltr'>punctum</span> <span class='ocrx_word' id='word_1_139' title='bbox 955 1164 976 1191; x_wconf 81' lang='lat' dir='ltr'>F</span> <span class='ocrx_word' id='word_1_140' title='bbox 1008 1164 1090 1192; x_wconf 75' lang='lat' dir='ltr'>cadat</span> <span class='ocrx_word' id='word_1_141' title='bbox 1124 1165 1194 1190; x_wconf 72' lang='lat' dir='ltr'>inier</span> <span class='ocrx_word' id='word_1_142' title='bbox 1220 1164 1241 1190; x_wconf 87' lang='grc' dir='ltr'>Α</span> <span class='ocrx_word' id='word_1_143' title='bbox 1265 1166 1294 1191; x_wconf 78' lang='lat' dir='ltr'>et</span> <span class='ocrx_word' id='word_1_144' title='bbox 1315 1163 1341 1191; x_wconf 88' lang='grc' dir='ltr'>Ι)</span> <span class='ocrx_word' id='word_1_145' title='bbox 1360 1185 1366 1197; x_wconf 78' lang='grc'>,</span> <span class='ocrx_word' id='word_1_146' title='bbox 1401 1166 1534 1193; x_wconf 78' lang='lat' dir='ltr'>mutanda</span> <span class='ocrx_word' id='word_1_147' title='bbox 1563 1167 1683 1194; x_wconf 86' lang='lat' dir='ltr'>nonnihil</span> <span class='ocrx_word' id='word_1_148' title='bbox 1714 1177 1774 1195; x_wconf 73' lang='lat' dir='ltr'>esse</span> 
     </span>
    </p>
   </div>
   <div class='ocr_carea' id='block_1_6' title="bbox 406 1220 1452 1263">
    <p class='ocr_par' dir='ltr' id='par_1_6' title="bbox 406 1220 1452 1263">
     <span class='ocr_line' id='line_1_19' title="bbox 406 1220 1452 1263; baseline -0.004 -11"><span class='ocrx_word' id='word_1_149' title='bbox 406 1227 485 1263; x_wconf 82' lang='lat' dir='ltr'>signa</span> <span class='ocrx_word' id='word_1_150' title='bbox 506 1226 534 1251; x_wconf 77' lang='lat' dir='ltr'>et</span> <span class='ocrx_word' id='word_1_151' title='bbox 554 1233 605 1261; x_wconf 79' lang='lat' dir='ltr'>pro</span> <span class='ocrx_word' id='word_1_152' title='bbox 625 1223 740 1251; x_wconf 87' lang='lat' dir='ltr'>summis</span> <span class='ocrx_word' id='word_1_153' title='bbox 761 1221 929 1249; x_wconf 76' lang='lat' dir='ltr'>adhibendas</span> <span class='ocrx_word' id='word_1_154' title='bbox 950 1220 1119 1248; x_wconf 71' lang='lat' dir='ltr'>differentias</span> <span class='ocrx_word' id='word_1_155' title='bbox 1137 1221 1213 1247; x_wconf 74' lang='lat' dir='ltr'>certo</span> <span class='ocrx_word' id='word_1_156' title='bbox 1231 1221 1311 1246; x_wconf 88' lang='lat' dir='ltr'>modo</span> <span class='ocrx_word' id='word_1_157' title='bbox 1334 1224 1452 1248; x_wconf 77' lang='lat' dir='ltr'>sumtus.</span> 
     </span>
    </p>
   </div>
   <div class='ocr_carea' id='block_1_7' title="bbox 253 1364 1785 2153">
    <p class='ocr_par' dir='ltr' id='par_1_7' title="bbox 255 1364 1785 1883">
     <span class='ocr_line' id='line_1_20' title="bbox 309 1364 1785 1414; baseline -0.003 -10"><span class='ocrx_word' id='word_1_158' title='bbox 309 1370 422 1404; x_wconf 85' lang='lat' dir='ltr'>Hanc</span> <span class='ocrx_word' id='word_1_159' title='bbox 460 1368 686 1403; x_wconf 84' lang='lat' dir='ltr'>solutionem</span> <span class='ocrx_word' id='word_1_160' title='bbox 712 1367 845 1414; x_wconf 83' lang='lat' dir='ltr'>paucis</span> <span class='ocrx_word' id='word_1_161' title='bbox 873 1365 1005 1401; x_wconf 88' lang='lat' dir='ltr'>calculi</span> <span class='ocrx_word' id='word_1_162' title='bbox 1036 1364 1112 1400; x_wconf 86' lang='lat' dir='ltr'>mei</span> <span class='ocrx_word' id='word_1_163' title='bbox 1139 1364 1253 1400; x_wconf 90' lang='lat' dir='ltr'>lineis</span> <span class='ocrx_word' id='word_1_164' title='bbox 1277 1365 1457 1407; x_wconf 86' lang='lat' dir='ltr'>invenio,</span> <span class='ocrx_word' id='word_1_165' title='bbox 1493 1375 1562 1411; x_wconf 87' lang='lat' dir='ltr'>per</span> <span class='ocrx_word' id='word_1_166' title='bbox 1585 1365 1785 1401; x_wconf 80' lang='lat' dir='ltr'><strong>methodos</strong></span> 
     </span>
     <span class='ocr_line' id='line_1_21' title="bbox 259 1433 1785 1482; baseline -0.003 -11"><span class='ocrx_word' id='word_1_167' title='bbox 259 1443 389 1472; x_wconf 85' lang='lat' dir='ltr'>autem</span> <span class='ocrx_word' id='word_1_168' title='bbox 428 1435 668 1482; x_wconf 88' lang='lat' dir='ltr'>publicatas,</span> <span class='ocrx_word' id='word_1_169' title='bbox 708 1434 852 1480; x_wconf 86' lang='lat' dir='ltr'>quippe</span> <span class='ocrx_word' id='word_1_170' title='bbox 889 1434 1027 1480; x_wconf 88' lang='lat' dir='ltr'>quibus</span> <span class='ocrx_word' id='word_1_171' title='bbox 1060 1433 1301 1468; x_wconf 81' lang='lat' dir='ltr'>irrationales</span> <span class='ocrx_word' id='word_1_172' title='bbox 1338 1433 1419 1467; x_wconf 86' lang='lat' dir='ltr'>tolli</span> <span class='ocrx_word' id='word_1_173' title='bbox 1447 1443 1542 1479; x_wconf 90' lang='lat' dir='ltr'>opus</span> <span class='ocrx_word' id='word_1_174' title='bbox 1564 1439 1647 1475; x_wconf 84' lang='lat' dir='ltr'>est,</span> <span class='ocrx_word' id='word_1_175' title='bbox 1672 1433 1785 1467; x_wconf 88' lang='lat' dir='ltr'>credo</span> 
     </span>
     <span class='ocr_line' id='line_1_22' title="bbox 259 1499 1785 1549; baseline -0.003 -10"><span class='ocrx_word' id='word_1_176' title='bbox 259 1504 329 1539; x_wconf 78' lang='lat' dir='ltr'>vix</span> <span class='ocrx_word' id='word_1_177' title='bbox 356 1503 502 1549; x_wconf 87' lang='lat' dir='ltr'>aliquot</span> <span class='ocrx_word' id='word_1_178' title='bbox 536 1502 672 1537; x_wconf 88' lang='lat' dir='ltr'>diebus</span> <span class='ocrx_word' id='word_1_179' title='bbox 696 1502 900 1536; x_wconf 86' lang='lat' dir='ltr'>inventum</span> <span class='ocrx_word' id='word_1_180' title='bbox 929 1502 1000 1543; x_wconf 87' lang='lat' dir='ltr'>iri,</span> <span class='ocrx_word' id='word_1_181' title='bbox 1037 1507 1075 1535; x_wconf 91' lang='lat' dir='ltr'>et</span> <span class='ocrx_word' id='word_1_182' title='bbox 1107 1500 1265 1535; x_wconf 86' lang='lat' dir='ltr'>fortasse</span> <span class='ocrx_word' id='word_1_183' title='bbox 1302 1512 1349 1535; x_wconf 87' lang='lat' dir='ltr'>ne</span> <span class='ocrx_word' id='word_1_184' title='bbox 1386 1500 1455 1534; x_wconf 79' lang='lat' dir='ltr'>vix</span> <span class='ocrx_word' id='word_1_185' title='bbox 1481 1499 1650 1545; x_wconf 88' lang='lat' dir='ltr'>quidem.</span> <span class='ocrx_word' id='word_1_186' title='bbox 1701 1499 1785 1534; x_wconf 87' lang='lat' dir='ltr'>Tol-</span> 
     </span>
     <span class='ocr_line' id='line_1_23' title="bbox 259 1566 1781 1613; baseline -0.001 -9"><span class='ocrx_word' id='word_1_187' title='bbox 259 1570 372 1604; x_wconf 84' lang='lat' dir='ltr'>lendo</span> <span class='ocrx_word' id='word_1_188' title='bbox 412 1571 516 1604; x_wconf 88' lang='lat' dir='ltr'>enim</span> <span class='ocrx_word' id='word_1_189' title='bbox 546 1569 786 1605; x_wconf 82' lang='lat' dir='ltr'>irrationales</span> <span class='ocrx_word' id='word_1_190' title='bbox 823 1575 1043 1613; x_wconf 81' lang='lat' dir='ltr'>assurgetur</span> <span class='ocrx_word' id='word_1_191' title='bbox 1071 1567 1119 1602; x_wconf 85' lang='lat' dir='ltr'>ad</span> <span class='ocrx_word' id='word_1_192' title='bbox 1156 1568 1363 1602; x_wconf 86' lang='lat' dir='ltr'>altissimos</span> <span class='ocrx_word' id='word_1_193' title='bbox 1388 1566 1551 1612; x_wconf 85' lang='lat' dir='ltr'>gradus,</span> <span class='ocrx_word' id='word_1_194' title='bbox 1579 1566 1681 1612; x_wconf 85' lang='lat' dir='ltr'>quod</span> <span class='ocrx_word' id='word_1_195' title='bbox 1707 1578 1781 1602; x_wconf 90' lang='lat' dir='ltr'>non</span> 
     </span>
     <span class='ocr_line' id='line_1_24' title="bbox 256 1635 1782 1681; baseline -0.003 -10"><span class='ocrx_word' id='word_1_196' title='bbox 256 1637 337 1671; x_wconf 72' lang='lat' dir='ltr'>sine</span> <span class='ocrx_word' id='word_1_197' title='bbox 367 1635 493 1671; x_wconf 82' lang='lat' dir='ltr'>taedio</span> <span class='ocrx_word' id='word_1_198' title='bbox 515 1636 597 1670; x_wconf 85' lang='lat' dir='ltr'>fieri</span> <span class='ocrx_word' id='word_1_199' title='bbox 623 1641 777 1681; x_wconf 87' lang='lat' dir='ltr'>potest,</span> <span class='ocrx_word' id='word_1_200' title='bbox 805 1642 844 1670; x_wconf 87' lang='lat' dir='ltr'>et</span> <span class='ocrx_word' id='word_1_201' title='bbox 875 1641 1005 1670; x_wconf 87' lang='lat' dir='ltr'>tamen</span> <span class='ocrx_word' id='word_1_202' title='bbox 1032 1640 1188 1681; x_wconf 85' lang='lat' dir='ltr'>postea,</span> <span class='ocrx_word' id='word_1_203' title='bbox 1216 1645 1302 1669; x_wconf 81' lang='lat' dir='ltr'>culn</span> <span class='ocrx_word' id='word_1_204' title='bbox 1321 1635 1468 1669; x_wconf 71' lang='lat' dir='ltr'>valor-es</span> <span class='ocrx_word' id='word_1_205' title='bbox 1488 1640 1554 1670; x_wconf 93' lang='lat' dir='ltr'>aut</span> <span class='ocrx_word' id='word_1_206' title='bbox 1586 1641 1782 1670; x_wconf 83' lang='lat' dir='ltr'>construc-</span> 
     </span>
     <span class='ocr_line' id='line_1_25' title="bbox 259 1702 1778 1748; baseline -0.002 -10"><span class='ocrx_word' id='word_1_207' title='bbox 259 1706 382 1739; x_wconf 84' lang='lat' dir='ltr'>tiones</span> <span class='ocrx_word' id='word_1_208' title='bbox 421 1704 667 1748; x_wconf 83' lang='lat' dir='ltr'>quaerimus,</span> <span class='ocrx_word' id='word_1_209' title='bbox 707 1713 886 1748; x_wconf 83' lang='lat' dir='ltr'>cogemur</span> <span class='ocrx_word' id='word_1_210' title='bbox 919 1702 1161 1748; x_wconf 78' lang='lat' dir='ltr'>aequationis</span> <span class='ocrx_word' id='word_1_211' title='bbox 1195 1702 1383 1737; x_wconf 83' lang='lat' dir='ltr'>inutiliter</span> <span class='ocrx_word' id='word_1_212' title='bbox 1415 1702 1607 1737; x_wconf 84' lang='lat' dir='ltr'>exaltatae</span> <span class='ocrx_word' id='word_1_213' title='bbox 1640 1702 1778 1737; x_wconf 86' lang='lat' dir='ltr'>iterum</span> 
     </span>
     <span class='ocr_line' id='line_1_26' title="bbox 258 1768 1780 1817; baseline -0.002 -12"><span class='ocrx_word' id='word_1_214' title='bbox 258 1770 523 1817; x_wconf 82' lang='lat' dir='ltr'>depressiones</span> <span class='ocrx_word' id='word_1_215' title='bbox 549 1770 802 1814; x_wconf 71' lang='lat' dir='ltr'>investigare,</span> <span class='ocrx_word' id='word_1_216' title='bbox 830 1770 895 1814; x_wconf 91' lang='lat' dir='ltr'>qui</span> <span class='ocrx_word' id='word_1_217' title='bbox 922 1769 1026 1804; x_wconf 81' lang='lat' dir='ltr'>labor</span> <span class='ocrx_word' id='word_1_218' title='bbox 1046 1769 1087 1803; x_wconf 86' lang='lat' dir='ltr'>in</span> <span class='ocrx_word' id='word_1_219' title='bbox 1116 1769 1412 1814; x_wconf 80' lang='lat' dir='ltr'>aequationibus</span> <span class='ocrx_word' id='word_1_220' title='bbox 1441 1768 1633 1804; x_wconf 84' lang='lat' dir='ltr'>decimum</span> <span class='ocrx_word' id='word_1_221' title='bbox 1673 1769 1780 1815; x_wconf 81' lang='lat' dir='ltr'>longe</span> 
     </span>
     <span class='ocr_line' id='line_1_27' title="bbox 255 1835 1636 1883; baseline -0.002 -10"><span class='ocrx_word' id='word_1_222' title='bbox 255 1837 415 1883; x_wconf 83' lang='lat' dir='ltr'>gradum</span> <span class='ocrx_word' id='word_1_223' title='bbox 440 1836 715 1870; x_wconf 76' lang='lat' dir='ltr'>excedentibus</span> <span class='ocrx_word' id='word_1_224' title='bbox 751 1836 907 1883; x_wconf 88' lang='lat' dir='ltr'>(qualis</span> <span class='ocrx_word' id='word_1_225' title='bbox 930 1836 1005 1871; x_wconf 88' lang='lat' dir='ltr'>ista</span> <span class='ocrx_word' id='word_1_226' title='bbox 1031 1835 1160 1881; x_wconf 83' lang='lat' dir='ltr'>soret)</span> <span class='ocrx_word' id='word_1_227' title='bbox 1186 1847 1299 1881; x_wconf 88' lang='lat' dir='ltr'>saepe</span> <span class='ocrx_word' id='word_1_228' title='bbox 1322 1837 1532 1872; x_wconf 76' lang='lat' dir='ltr'>immensus</span> <span class='ocrx_word' id='word_1_229' title='bbox 1566 1841 1636 1870; x_wconf 87' lang='lat' dir='ltr'>est.</span> 
     </span>
    </p>

    <p class='ocr_par' dir='ltr' id='par_1_8' title="bbox 253 1902 1781 2153">
     <span class='ocr_line' id='line_1_28' title="bbox 303 1902 1781 1949; baseline -0.001 -10"><span class='ocrx_word' id='word_1_230' title='bbox 303 1905 514 1949; x_wconf 80' lang='lat' dir='ltr'>Hucusque</span> <span class='ocrx_word' id='word_1_231' title='bbox 553 1902 778 1937; x_wconf 86' lang='lat' dir='ltr'>Leibnitius</span> <span class='ocrx_word' id='word_1_232' title='bbox 835 1904 904 1938; x_wconf 89' lang='lat' dir='ltr'>Est</span> <span class='ocrx_word' id='word_1_233' title='bbox 937 1909 1064 1938; x_wconf 88' lang='lat' dir='ltr'>autem</span> <span class='ocrx_word' id='word_1_234' title='bbox 1098 1904 1363 1948; x_wconf 84' lang='lat' dir='ltr'>subtangentis</span> <span class='ocrx_word' id='word_1_235' title='bbox 1396 1915 1537 1939; x_wconf 75' lang='lat' dir='ltr'>curvae</span> <span class='ocrx_word' id='word_1_236' title='bbox 1568 1903 1781 1948; x_wconf 77' lang='lat' dir='ltr'>propositae</span> 
     </span>
     <span class='ocr_line' id='line_1_29' title="bbox 254 1970 1778 2017; baseline -0.002 -10"><span class='ocrx_word' id='word_1_237' title='bbox 254 1972 506 2011; x_wconf 87' lang='lat' dir='ltr'>constructio,</span> <span class='ocrx_word' id='word_1_238' title='bbox 534 1981 650 2016; x_wconf 88' lang='lat' dir='ltr'>quam</span> <span class='ocrx_word' id='word_1_239' title='bbox 673 1971 1009 2012; x_wconf 78' lang='lat' dir='ltr'>commemoravit,</span> <span class='ocrx_word' id='word_1_240' title='bbox 1045 1971 1272 2013; x_wconf 75' lang='lat' dir='ltr'>verissima,</span> <span class='ocrx_word' id='word_1_241' title='bbox 1296 1982 1460 2017; x_wconf 86' lang='lat' dir='ltr'>eamque</span> <span class='ocrx_word' id='word_1_242' title='bbox 1490 1971 1559 2006; x_wconf 83' lang='lat' dir='ltr'>hoc</span> <span class='ocrx_word' id='word_1_243' title='bbox 1582 1970 1682 2011; x_wconf 85' lang='lat' dir='ltr'>loco,</span> <span class='ocrx_word' id='word_1_244' title='bbox 1706 1972 1778 2005; x_wconf 82' lang='lat' dir='ltr'>etsi</span> 
     </span>
     <span class='ocr_line' id='line_1_30' title="bbox 253 2037 1779 2084; baseline 0 -11"><span class='ocrx_word' id='word_1_245' title='bbox 253 2041 417 2075; x_wconf 75' lang='lat' dir='ltr'>inventu</span> <span class='ocrx_word' id='word_1_246' title='bbox 449 2038 693 2079; x_wconf 84' lang='lat' dir='ltr'>facillimam,</span> <span class='ocrx_word' id='word_1_247' title='bbox 722 2039 854 2084; x_wconf 88' lang='lat' dir='ltr'>paucis</span> <span class='ocrx_word' id='word_1_248' title='bbox 890 2039 1021 2074; x_wconf 88' lang='lat' dir='ltr'>verbis</span> <span class='ocrx_word' id='word_1_249' title='bbox 1051 2038 1314 2073; x_wconf 86' lang='lat' dir='ltr'>demonstrare</span> <span class='ocrx_word' id='word_1_250' title='bbox 1352 2038 1476 2079; x_wconf 89' lang='lat' dir='ltr'>lubet,</span> <span class='ocrx_word' id='word_1_251' title='bbox 1514 2037 1695 2082; x_wconf 88' lang='lat' dir='ltr'>quoniam</span> <span class='ocrx_word' id='word_1_252' title='bbox 1725 2038 1779 2073; x_wconf 81' lang='lat' dir='ltr'>sic</span> 
     </span>
     <span class='ocr_line' id='line_1_31' title="bbox 253 2104 1776 2153; baseline -0.001 -12"><span class='ocrx_word' id='word_1_253' title='bbox 253 2106 521 2153; x_wconf 87' lang='lat' dir='ltr'>opportunitas</span> <span class='ocrx_word' id='word_1_254' title='bbox 541 2106 649 2141; x_wconf 86' lang='lat' dir='ltr'>nobis</span> <span class='ocrx_word' id='word_1_255' title='bbox 670 2106 743 2140; x_wconf 89' lang='lat' dir='ltr'>crit</span> <span class='ocrx_word' id='word_1_256' title='bbox 765 2117 849 2142; x_wconf 89' lang='lat' dir='ltr'>cum</span> <span class='ocrx_word' id='word_1_257' title='bbox 874 2118 919 2142; x_wconf 87' lang='lat' dir='ltr'>ea</span> <span class='ocrx_word' id='word_1_258' title='bbox 947 2104 1168 2141; x_wconf 83' lang='lat' dir='ltr'>conferendi</span> <span class='ocrx_word' id='word_1_259' title='bbox 1197 2105 1422 2140; x_wconf 85' lang='lat' dir='ltr'>solutionem</span> <span class='ocrx_word' id='word_1_260' title='bbox 1445 2105 1637 2151; x_wconf 85' lang='lat' dir='ltr'>Hugenii‚</span> <span class='ocrx_word' id='word_1_261' title='bbox 1662 2117 1776 2151; x_wconf 88' lang='lat' dir='ltr'>quam</span> 
     </span>
    </p>
   </div>
   <div class='ocr_carea' id='block_1_8' title="bbox 253 2171 1778 2271">
    <p class='ocr_par' dir='ltr' id='par_1_9' title="bbox 253 2171 1778 2271">
     <span class='ocr_line' id='line_1_32' title="bbox 253 2171 1778 2220; baseline 0 -13"><span class='ocrx_word' id='word_1_262' title='bbox 253 2185 300 2208; x_wconf 67' lang='lat' dir='ltr'>vx</span> <span class='ocrx_word' id='word_1_263' title='bbox 319 2174 441 2220; x_wconf 87' lang='lat' dir='ltr'>ipsius</span> <span class='ocrx_word' id='word_1_264' title='bbox 457 2173 760 2209; x_wconf 68' lang='lat' dir='ltr'>adversariorum</span> <span class='ocrx_word' id='word_1_265' title='bbox 787 2173 883 2209; x_wconf 87' lang='lat' dir='ltr'>libro</span> <span class='ocrx_word' id='word_1_266' title='bbox 907 2174 937 2208; x_wconf 78' lang='lat' dir='ltr'><strong>F</strong></span> <span class='ocrx_word' id='word_1_267' title='bbox 961 2173 1191 2219; x_wconf 83' lang='lat' dir='ltr'>descriptam</span> <span class='ocrx_word' id='word_1_268' title='bbox 1213 2173 1253 2207; x_wconf 92' lang='lat' dir='ltr'>in</span> <span class='ocrx_word' id='word_1_269' title='bbox 1276 2171 1778 2219; x_wconf 70' lang='lat' dir='ltr'>sequenti§exhibebimus,</span> 
     </span>
     <span class='ocr_line' id='line_1_33' title="bbox 1718 2237 1776 2271; baseline -0.017 -1"><span class='ocrx_word' id='word_1_270' title='bbox 1718 2237 1776 2271; x_wconf 76' lang='lat' dir='ltr'>Sit</span> 
     </span>
    </p>
   </div>
  </div>
 </body>
</html>
