2051 2648
1025 117 1179 164 (176)

356 223 458 252 recto
497 215 569 251 BF
607 211 946 258 comprehensum,
991 222 1130 258 nempe
1167 211 1351 253 ABFE,
1382 214 1539 257 aequari
1579 215 1702 259 spatio
1740 215 1890 249 infinito

354 284 455 318 inter
494 290 676 321 curvam,
720 277 1080 325 perpendicularem
1118 278 1194 313 AB
1225 283 1264 313 et
1292 283 1537 323 asymptotou
1572 278 1640 313 ΒΖ
1668 280 1882 325 interjecto,

400 347 487 383 Fiat
510 346 614 385 enim
638 345 762 391 primo
790 345 832 379 in
854 344 989 380 eodem
1017 344 1135 380 latere
1163 345 1196 379 A
1211 344 1239 378 B
1275 344 1539 390 rectangulum
1564 344 1757 390 quoddam
1780 346 1887 386 AH,

353 414 455 462 qued
482 414 606 459 majus
627 412 678 447 sit
702 412 922 458 rectangulo
950 412 985 446 A
1006 412 1046 447 F.
1102 411 1198 446 Dico
1225 410 1322 446 illud
1349 411 1475 456 majus
1499 422 1652 457 quoque
1676 421 1758 445 esse
1788 410 1887 446 dicto

352 481 475 527 spatie
507 480 672 516 infinito.
725 479 861 514 Ductis
897 479 1002 514 enim
1043 477 1229 523 diagoniis
1280 477 1380 519 AF,
1423 477 1530 519 ΑΗ,
1582 476 1889 521 rectangulerum

350 554 621 593 utrorumque,
664 551 813 581 constat
854 544 1009 591 quidem
1045 544 1121 580 AF
1153 549 1309 589 tangere
1350 554 1507 579 curvam
1535 544 1577 578 in
1603 544 1661 585 A,
1705 544 1796 588 quia
1816 543 1885 579 BF

353 614 510 660 ponitur
538 624 617 648 esse
652 613 754 649 latus
788 618 961 654 rectum,
1009 611 1123 663 unde
1144 621 1232 657 pars
1278 610 1467 656 quaedam
1498 611 1624 646 lineae
1656 610 1692 646 A
1710 611 1749 646 H
1779 610 1889 645 cadet

348 682 452 716 intra
488 690 627 715 curvae
661 689 795 715 cavam
833 684 1009 724 partem,
1044 683 1138 723 puta
1170 677 1264 713 AK.
1318 677 1528 713 Dividatur
1563 677 1651 713 ΑΗ
1683 677 1725 711 in
1760 685 1888 723 partes

350 753 408 782 tot
433 746 613 792 aequales
628 770 639 788 ,
671 745 825 791 punctis
854 745 882 779 L
897 769 907 786 ,
922 745 984 786 M,
1003 745 1035 780 N
1049 771 1058 788 ‚
1088 750 1130 779 ut
1161 755 1293 779 earum
1317 744 1511 789 quaelibet
1539 744 1589 778 sit
1617 743 1742 778 minor
1767 754 1881 788 quam

345 812 447 848 AK.
499 813 550 847 Et
582 811 710 847 ductis
742 822 813 857 per
854 822 899 846 ea
947 816 1092 856 puncta
1127 810 1242 845 rectis
1270 809 1462 856 parallelis
1494 810 1594 852 AB,
1637 808 1814 844 divident
1842 820 1887 843 ea

344 878 613 923 rectangulum
636 877 670 913 A
686 877 726 913 H
738 877 782 912 in
814 876 1041 922 rectangula
1062 877 1257 922 aequalia,
1280 883 1324 912 ut
1350 883 1463 921 sunt,
1487 877 1522 912 A
1537 878 1567 912 R
1582 903 1592 919 ,
1615 876 1678 920 QT
1693 900 1702 917 ‚
1718 882 1787 912 etc.
1831 876 1887 910 Al.

343 945 484 980 iisdem
499 956 593 981 vero
622 944 778 991 punctis
804 944 837 978 si
864 943 1058 980 ducantur
1072 944 1277 990 parallelae
1305 944 1513 989 asymptoti
1526 943 1650 978 lineae
1667 943 1755 984 LO,
1774 942 1880 983 MA,

345 1012 379 1047 Ν
393 1011 420 1046 C
436 1038 445 1055 ‚
461 1018 499 1046 et
523 1024 545 1047 a
567 1011 821 1058 punctis‚ubi
842 1011 914 1046 hae
939 1016 1143 1045 occurrunt
1159 1021 1299 1047 curvae
1322 1009 1357 1044 A
1371 1009 1400 1045 C
1414 1033 1423 1051 ,
1444 1009 1696 1044 dimittantur
1718 1018 1884 1053 perpen-

345 1077 532 1112 diculares
550 1078 593 1110 iu
612 1083 857 1120 asymptoton
877 1103 887 1121 9
909 1077 1017 1113 velut
1037 1077 1068 1113 O
1081 1077 1132 1120 Y,
1150 1089 1176 1117 Λ
1190 1088 1219 1115 Π
1236 1101 1246 1119 ,
1271 1076 1300 1112 C
1314 1077 1341 1112 Z
1354 1101 1363 1118 ‚
1390 1076 1484 1111 fient
1501 1076 1619 1111 etiam
1646 1075 1770 1121 spatia
1786 1074 1887 1108 inter

345 1144 456 1178 binas
483 1149 656 1185 quasque
685 1147 820 1170 earum
854 1138 1061 1181 interjecta
1095 1139 1198 1171 iuter
1225 1149 1264 1171 se
1288 1139 1490 1181 aequalia,
1518 1145 1561 1172 ut
1580 1145 1670 1172 sunt
1699 1140 1776 1173 AO
1793 1138 1884 1178 YB‚

344 1209 455 1244 ΟΛΠ
471 1205 522 1247 Υ,
565 1202 742 1244 ΛΟΖΠ,
790 1213 834 1237 ac
874 1200 1041 1247 denique
1083 1201 1202 1236 etiam
1246 1202 1426 1237 infimum
1463 1202 1632 1247 spatium
1686 1202 1882 1237 infinitum

345 1273 483 1316 CZD,
534 1276 578 1306 ut
613 1273 764 1304 constat
812 1277 862 1301 ex
912 1266 1260 1314 praecedentibus,
1316 1268 1407 1314 quia
1459 1279 1600 1314 nempe
1642 1267 1883 1303 differentiae

345 1340 511 1376 duarum
549 1334 951 1384 perpendicularitun,
991 1334 1095 1370 dicta
1141 1334 1267 1380 spatia
1308 1334 1745 1380 comprehendentium,
1793 1340 1884 1368 sunt

346 1417 394 1441 ex
420 1403 701 1440 constructione
738 1400 930 1447 aequales,
978 1400 1071 1436 Jam
1105 1411 1199 1437 vero
1233 1402 1502 1446 rectaugulum
1536 1401 1616 1436 AR
1641 1400 1771 1445 majus
1799 1409 1881 1433 esse

344 1473 468 1518 liquet
496 1470 621 1516 spatio
644 1468 830 1511 AOYB,
866 1478 951 1503 eum
986 1468 1056 1502 hoc
1089 1467 1193 1502 illius
1220 1478 1309 1514 pars
1333 1467 1405 1512 sit3
1444 1478 1534 1502 nam
1559 1465 1632 1501 ΟΥ
1667 1465 1882 1500 necessario

344 1538 447 1574 cadit
466 1538 570 1572 inter
595 1535 673 1571 AB
698 1540 737 1570 et
761 1535 846 1570 LR.
903 1534 1003 1580 Ergo
1029 1540 1068 1568 et
1107 1533 1378 1579 rectangulum
1410 1532 1482 1568 SR
1514 1531 1642 1577 majus
1660 1531 1734 1566 erit
1757 1531 1882 1576 spatio

351 1605 528 1644 ΟΥΠΛ,
556 1603 700 1647 quippe
728 1599 831 1645 quod
849 1599 1009 1645 aequale
1034 1604 1092 1634 est
1116 1600 1241 1644 spatio
1264 1599 1438 1635 AOYB,
1491 1599 1591 1633 Item
1615 1596 1881 1642 rectangulum

343 1669 418 1705 VT
453 1668 587 1713 majus
631 1665 705 1700 erit
737 1664 860 1711 spatie
900 1664 1076 1707 ΛΠΖΟ,
1114 1671 1230 1710 atque
1271 1665 1326 1700 ita
1372 1664 1523 1710 singula
1560 1662 1801 1708 rectangula,
1849 1663 1881 1697 si

338 1735 449 1784 plura
474 1733 624 1773 serent,
677 1731 837 1776 singulis
855 1731 1106 1776 sequentibus
1133 1730 1291 1776 spatiis,
1320 1741 1438 1776 quum
1465 1740 1536 1776 par
1559 1734 1807 1774 utrorumque
1832 1728 1883 1762 sit

339 1809 535 1837 numerus,
587 1796 765 1843 Denique
803 1796 980 1831 ultimum
1008 1795 1276 1840 rectangulum
1315 1794 1400 1829 VH
1419 1795 1546 1840 maJus
1574 1803 1728 1839 quoque
1755 1793 1882 1840 spatio

335 1867 468 1901 infimo
490 1875 532 1899 ae
564 1862 715 1897 infinito
748 1861 872 1898 CZD.
938 1862 1078 1908 ltaque
1115 1862 1244 1896 omnia
1282 1861 1506 1907 rectangula
1544 1860 1720 1895 omuibus
1761 1859 1875 1894 simul

336 1932 490 1979 spatiis3
525 1931 595 1965 hoc
618 1934 677 1963 est
700 1928 968 1975 rectangulum
997 1928 1173 1964 ABHG
1198 1927 1326 1974 spatio
1356 1926 1508 1962 infinito
1540 1926 1616 1961 AB
1632 1926 1667 1961 D
1685 1924 1715 1962 C
1750 1926 1875 1972 maJus

337 1999 423 2034 erit.

356 2065 451 2100 Esto
484 2071 617 2098 rursus
654 2059 922 2106 rectangulum
964 2057 1161 2105 quoddam
1199 2057 1400 2100 ABHG,
1439 2057 1528 2103 (fig.
1557 2055 1632 2103 69)
1675 2055 1776 2103 quud
1823 2058 1873 2092 sit

334 2131 464 2167 minus
484 2127 707 2175 rectangulo
733 2127 766 2163 A
782 2127 810 2162 B
824 2126 856 2162 F
869 2127 924 2170 E3
964 2126 1050 2163 dico
1073 2125 1171 2161 illud
1204 2124 1334 2160 minus
1364 2134 1515 2170 quoque
1537 2134 1620 2159 esse
1643 2122 1766 2170 spatio
1788 2122 1871 2158 infi-

1792 2188 1874 2224 nito
