2051 2648
854 134 987 180 (55)

168 240 246 286 pris
277 238 323 273 de
350 236 386 271 la
419 236 540 283 lignes
570 233 628 268 hb
658 239 696 268 et
730 231 777 268 (16
808 232 897 267 l’arc
920 232 967 267 de
998 232 1035 267 la
1057 230 1224 276 cycloide
1259 230 1375 276 hog,
1402 237 1441 266 et
1465 231 1599 266 l'autre
1630 239 1687 267 est

168 304 330 351 compris
362 304 430 339 des
456 304 577 349 lignes
600 301 662 347 fb
700 306 738 335 et
768 301 836 345 fg
873 305 913 333 et
950 298 997 333 de
1035 299 1122 334 l’arc
1153 297 1213 343 gb
1249 297 1360 333 dela
1387 297 1575 342 cycloide,
1602 303 1687 332 sont

167 372 263 407 (10116
293 377 378 406 tous
405 370 507 405 deux
533 367 725 404 ensemble
750 376 874 412 egaux
906 377 952 400 au
981 366 1101 400 cerole
1127 371 1368 410 generamur.
1409 365 1504 400 Mais
1527 365 1686 411 l’espace

169 439 333 484 compris
356 437 423 472 des
448 437 570 482 lignes
593 435 753 470 droittes
774 432 838 479 fb
865 438 904 467 et
918 434 986 479 fg
1020 438 1059 468 et
1083 431 1145 486 de
1163 432 1251 467 l'arc
1281 430 1340 476 gb
1367 430 1414 465 de
1449 432 1486 465 la
1522 431 1688 476 cycloide

167 512 224 541 est
250 506 332 552 egal
354 504 376 541 ὲι
399 505 490 540 trois
516 504 588 539 fois
607 503 642 538 16
663 507 836 548 segment
856 502 978 546 frg,
1010 499 1106 535 donc
1130 500 1266 534 l’autre
1295 509 1428 544 espace
1449 506 1507 533 est
1529 499 1612 543 egal
1638 509 1688 533 au

169 573 332 616 triangle
362 570 590 617 equilateral
612 570 776 614 inscript
803 580 850 604 au
875 568 996 603 cerole
1031 572 1284 612 generamur,
1312 566 1477 612 puisque
1505 565 1596 599 trois
1620 565 1690 600 fois

168 640 204 674 16
245 642 417 683 segment
442 638 543 681 frg
576 642 615 671 6(
651 636 687 670 16
723 634 888 679 triangle
921 633 1149 679 equilateral
1186 638 1272 666 sont
1311 641 1435 676 cgaux
1470 643 1519 667 au
1556 630 1692 667 cercle.

215 705 259 740 Je
292 704 404 746 finis,
430 703 645 746 Monsieur,
689 708 728 738 et
758 711 856 737 vous
891 700 974 747 prie
1001 699 1198 736 d'excuser
1230 698 1277 734 de
1307 703 1406 733 cette
1443 703 1529 745 trop
1551 698 1691 745 longue

166 772 302 813 lettre,
331 770 380 805 (16
404 770 619 805 m’honorer
645 769 737 805 d’un
758 768 859 816 petit
882 773 962 803 mot
981 767 1028 802 de
1048 776 1250 813 response,
1279 772 1320 801 et
1341 766 1388 801 de
1411 766 1527 801 croire
1553 776 1627 812 que
1647 766 1689 811 je

167 838 245 874 suis
272 849 364 874 avec
384 838 471 876 bien
493 837 546 873 (111
569 842 744 884 respect,
772 841 843 871 etc.

285 905 320 940 A
337 905 536 950 Hambye‚
566 918 607 940 66
634 906 677 939 31
704 904 837 940 Juillet
867 904 971 937 1679.

1175 967 1233 1001 De
1256 965 1473 1002 vaumesle.

212 1104 297 1139 Hae
338 1108 451 1146 sunt,
483 1114 577 1150 quas
618 1101 856 1149 reperimuS,
891 1099 1123 1136 Vausmeslii
1151 1099 1200 1134 ad
1226 1099 1450 1146 Hugenium
1477 1099 1683 1146 epistolae,

166 1171 275 1217 cujus
313 1181 406 1207 vero
442 1170 493 1206 ad
528 1169 682 1207 easdem
714 1178 899 1214 responsa
937 1167 1041 1201 inter
1085 1166 1191 1201 MSS.
1232 1165 1376 1200 frustra
1415 1167 1693 1211 quaesivimus.

164 1236 442 1273 Desideramus
479 1236 598 1269 etiam
629 1234 840 1269 Vaumeslii
866 1232 1234 1274 demonstrationes,
1275 1243 1438 1277 quarum
1464 1234 1506 1268 in
1534 1234 1695 1280 epistola

168 1315 237 1339 sua
267 1302 405 1338 ultima
431 1301 668 1337 mentionem
707 1299 810 1336 fecit.
862 1298 939 1335 Sed
971 1297 1037 1333 ubi
1069 1297 1245 1343 graviora
1279 1297 1444 1342 desunt,
1485 1300 1695 1336 levioribus

167 1379 235 1405 nos
258 1373 455 1403 contentos
478 1378 559 1403 esse
587 1367 707 1404 decet.
758 1365 893 1412 Neque
929 1376 1023 1402 vero
1054 1377 1119 1409 ea,
1146 1377 1244 1412 quae
1270 1366 1482 1402 Vaumeslii
1505 1368 1695 1414 epistolae

169 1436 393 1479 continent,
423 1435 619 1472 doctrinae
651 1434 886 1482 specimina,
917 1434 1031 1481 parvi
1060 1432 1302 1470 aestimanda
1347 1440 1447 1470 sunt.
1503 1434 1626 1478 Quin,
1651 1442 1696 1471 6(

166 1512 316 1540 caetera
347 1510 566 1545 taceamus,
603 1503 634 1537 si
671 1502 949 1548 Maupertuisio
987 1501 1134 1547 ingenii
1170 1499 1325 1536 laudem
1356 1501 1584 1544 tribuimus,
1628 1502 1696 1549 qui

169 1572 230 1610 ΑΟ.
260 1573 378 1613 1727,
411 1582 460 1606 ex
495 1570 723 1616 polygonum
756 1569 1040 1604 revolventium
1075 1567 1377 1614 proprietatibus
1416 1569 1694 1615 epicycloidum

168 1649 384 1674 mensuram
409 1637 534 1673 effecit
563 1635 646 1685 (1),
675 1641 821 1682 quanto
847 1636 972 1682 major
995 1636 1115 1671 honos
1140 1635 1359 1671 Vausmelio
1382 1635 1455 1670 erit
1484 1636 1694 1672 conceden-

169 1705 265 1748 dus,
300 1705 366 1751 qui
381 1705 464 1751 jam
491 1706 539 1739 50
562 1703 642 1739 fere
669 1704 780 1739 annis
805 1708 919 1746 ante,
952 1703 1130 1739 omnibus
1158 1713 1257 1749 pene
1282 1703 1465 1739 subsidiis
1484 1702 1694 1740 destitutus

169 1779 206 1808 et
239 1773 280 1809 in
319 1773 450 1819 ignoto
483 1772 584 1808 orbis
606 1778 797 1808 terrarum
823 1771 960 1819 angulo
1002 1769 1166 1817 degens,
1219 1770 1354 1808 eadem
1395 1771 1691 1817 argumentandi

169 1840 315 1875 ratione
340 1840 389 1876 ad
416 1839 575 1877 easdem
599 1840 785 1877 veritates
808 1844 1053 1887 pervenerat.

224 2189 287 2225 (Ι)
327 2188 374 2217 cf.
399 2189 484 2218 Mem.
510 2191 542 2218 de
567 2190 675 2218 l’Acad.
696 2190 730 2218 de
751 2189 818 2219 Par.
840 2191 924 2218 1727.
