2051 2648
1048 144 1205 192 (134)

405 245 539 282 Altera
552 242 771 288 expeditio,
797 251 895 286 quae
923 252 946 277 a
968 242 1017 277 29
1032 241 1124 276 Dec.
1144 243 1239 277 1690
1265 241 1313 277 ad
1327 252 1501 277 mensem
1524 244 1695 280 Octobris
1719 259 1751 283 a.
1772 249 1885 290 1692,

358 312 478 346 locum
503 310 663 352 habuit,
691 309 810 356 priori
824 308 929 344 haud
953 309 1075 344 multo
1099 308 1246 344 felicior
1260 308 1378 344 fuisse
1394 308 1564 346 videtur.
1614 311 1759 348 Itinere
1781 316 1884 350 enim

352 384 534 425 peractO,
573 378 748 413 constitit
794 376 988 423 horologia
1015 376 1270 423 longitudinis
1307 376 1566 412 differentiam
1589 377 1693 413 inter
1721 379 1885 416 insulam

353 446 411 482 St.
433 447 550 493 JagO,
572 452 612 480 et
636 444 942 492 promontorium
965 445 1006 481 B.
1021 445 1059 481 S.
1082 456 1166 480 eam
1183 445 1426 489 exhibuisse,
1443 456 1541 491 quae
1555 445 1597 480 in
1611 445 1768 492 optimis
1785 446 1886 483 illius

354 513 538 560 temporis
552 513 704 559 mappis
718 513 918 559 globisque
943 512 1206 559 geographicis
1229 512 1524 555 inveniebatur,
1552 513 1734 549 universe
1758 518 1886 549 autem

354 582 466 617 navis
488 581 695 626 trajectum
711 590 760 614 ex
774 579 978 626 horologiis
1007 579 1245 623 confectum,
1270 580 1392 625 magis
1410 591 1525 626 quam
1540 580 1583 614 in
1606 580 1725 626 priori
1747 581 1887 615 itinere

353 649 401 684 ab
421 659 465 683 eo
482 647 699 693 discrepare
716 671 726 688 ,
749 647 816 692 qui
844 657 893 681 ex
916 653 1124 682 nautarum
1146 647 1435 683 existimatione
1460 653 1542 683 erat
1555 648 1736 683 conflatus
1752 673 1761 691 ,
1785 648 1887 694 quod

350 714 554 761 Hugenius
587 726 665 750 non
690 714 897 759 horologiis
932 715 1009 749 suis
1027 739 1036 757 ,
1074 714 1141 750 sed
1167 715 1333 750 marium
1363 714 1526 751 diversis
1549 715 1725 750 fluctibus
1756 715 1885 752 navim

352 781 648 818 deflectentibus
682 782 933 817 tribuendum
966 782 1134 828 putavit.
1184 782 1379 829 Apparuit
1404 793 1498 818 vero
1525 783 1738 817 etiamnum
1776 782 1888 817 horo-

351 849 452 895 logia
481 849 656 896 pluribus
696 848 820 884 causis
856 849 1200 896 perturbantibuS,
1250 860 1460 895 eorumque
1498 855 1647 884 motum
1682 849 1888 896 aliquando

353 917 579 952 sistentibus
615 916 734 951 fuisse
775 917 975 963 exposita,
1027 918 1312 953 observatorem
1349 923 1480 953 autem
1529 929 1606 952 non
1643 928 1794 963 semper
1843 929 1889 952 ea

349 985 556 1020 sedulitate
590 990 629 1019 et
673 995 762 1019 cura
797 994 909 1019 usum
951 984 1091 1027 fuisse,
1125 996 1224 1030 quae
1264 985 1306 1019 in
1333 996 1373 1019 re
1406 984 1506 1019 tanti
1541 985 1729 1019 momenti
1759 985 1888 1030 requi-

352 1053 557 1094 rebantur,
599 1063 767 1097 eumque
808 1051 934 1087 denuo
964 1053 1006 1087 in
1037 1062 1173 1098 graves
1200 1050 1387 1097 quosdam
1418 1050 1601 1085 incidisse
1640 1050 1890 1097 computandi

349 1129 515 1163 errores3
564 1118 794 1153 observandi
828 1118 999 1162 denique
1027 1119 1359 1162 opportunitatem
1395 1118 1561 1159 iterum,
1599 1129 1685 1152 cum
1724 1117 1886 1163 patriam

346 1186 614 1230 relinquerent
660 1184 931 1223 itineratores‚
977 1183 1162 1218 defuisse.
1217 1183 1365 1225 Quibus
1404 1182 1583 1216 omnibus
1615 1182 1646 1216 si
1673 1182 1885 1225 addamus,

345 1252 585 1288 diversorum
623 1250 791 1284 locorum
846 1248 996 1294 positus
1038 1258 1081 1282 eo
1130 1253 1303 1293 tempore
1344 1246 1516 1281 nondum
1572 1248 1665 1282 satis
1714 1256 1885 1284 accurate

344 1319 461 1356 fuisse
497 1318 797 1359 determinataS,
832 1315 938 1351 haud
971 1315 1113 1350 mirum
1135 1314 1361 1359 videbitur,
1416 1314 1649 1358 Volderum‚
1695 1316 1888 1353 Professo-

344 1399 426 1423 rem
461 1385 880 1432 Lugduno-Batavum
918 1385 1009 1433 (cui
1045 1383 1249 1429 Hugenius
1292 1384 1411 1430 hujus
1441 1383 1593 1418 itineris
1631 1383 1883 1426 relationem,

344 1466 509 1502 suasque
537 1455 579 1489 in
616 1465 700 1489 eam
738 1451 1095 1488 animadversiones
1137 1452 1417 1487 examinandas
1458 1449 1745 1498 mandaverat)
1788 1452 1885 1487 hanc

349 1523 617 1570 pronuntiasse
654 1521 908 1556 sententiam:
952 1532 1001 1556 ex
1034 1521 1229 1556 institutis
1259 1521 1542 1557 tentaminibus
1578 1518 1774 1566 probabile
1803 1520 1884 1566 qui-

344 1592 433 1626 dem
469 1590 614 1625 factum
650 1599 732 1624 esse
771 1587 974 1634 ‘problema
1007 1588 1054 1622 de
1081 1588 1325 1634 longitudine
1359 1589 1457 1623 mari
1490 1587 1772 1633 horologiorum
1812 1598 1883 1634 ope

345 1655 566 1693 definienda
598 1665 707 1701 posse
741 1654 869 1697 solvi,
911 1654 1007 1690 nihil
1034 1666 1126 1690 vero
1148 1655 1271 1700 magis
1300 1665 1348 1689 ex
1376 1654 1424 1690 iis
1449 1655 1523 1690 huc
1544 1664 1665 1700 usque
1690 1664 1772 1689 esse
1796 1665 1883 1689 con-

352 1722 599 1760 cludendum.

394 1792 530 1837 Neque
553 1790 671 1825 etiam
696 1789 808 1824 aliter
826 1800 871 1824 ea
886 1789 934 1824 de
956 1801 996 1825 re
1021 1790 1143 1825 sensit
1170 1789 1396 1836 Hugenius‚
1427 1789 1515 1836 qui,
1545 1788 1722 1835 quamvis
1749 1794 1882 1835 optato

342 1869 518 1894 successu
554 1857 675 1893 altera
697 1857 782 1893 vice
809 1863 981 1900 careret,
1021 1869 1090 1891 nec
1125 1857 1254 1892 animo
1275 1869 1345 1894 nec
1371 1868 1438 1903 spe
1466 1856 1611 1892 fractus
1634 1862 1692 1890 est
1708 1880 1718 1897 ‚
1755 1866 1880 1901 neque

340 1927 459 1961 etiam
484 1925 600 1959 desiit
622 1924 664 1958 in
691 1935 791 1958 nova
817 1924 1012 1970 inquirere
1034 1924 1200 1968 auxilia,
1218 1924 1359 1969 quibus
1374 1923 1584 1969 aliquando
1609 1922 1877 1968 navigantium

341 1994 483 2029 itinera
532 1997 614 2026 tum
664 1991 842 2027 breviora
881 1991 1061 2026 redderet
1078 2017 1087 2034 ‚
1135 1997 1218 2026 tum
1267 1992 1482 2038 omnigenis
1524 1991 1705 2038 periculis
1749 1991 1878 2026 minus

342 2060 518 2096 obnoxia.
570 2058 704 2094 Testes
728 2058 824 2094 mihi
860 2059 938 2093 sint
964 2058 1102 2094 ultima
1125 2058 1308 2104 epistolae
1333 2058 1453 2093 verba
1469 2083 1479 2100 ,
1507 2068 1623 2104 quam
1647 2055 1695 2090 ad
1719 2056 1878 2092 Curato-

340 2139 400 2164 res
432 2128 468 2163 S.
502 2129 532 2164 I.
572 2128 614 2163 Ο.
656 2126 833 2173 scripsit,
875 2133 919 2161 ut
945 2127 1041 2162 viris
1078 2125 1327 2161 nobilissimis
1359 2137 1472 2168 suum
1508 2124 1555 2160 de
1591 2123 1873 2171 experimentis

340 2207 471 2233 eorum
509 2195 736 2231 auctoritate
763 2194 952 2230 institutis
985 2192 1181 2240 ⁸iudicium
1210 2192 1432 2229 declararet.
