2051 2648
965 142 1096 191 (40)

278 248 540 296 disquisitioni
569 245 680 281 nobis
709 251 844 279 ansam
862 238 1080 287 praebebit.
1128 236 1202 274 Est
1234 235 1332 272 haec
1354 242 1446 272 nota
1467 239 1518 272 7⁰.
1545 237 1692 283 Aprilis
1708 237 1799 272 1691

277 314 487 360 conscripta
507 318 547 348 et
572 311 691 358 hujus
706 307 869 345 indolis:

424 396 442 416 ›>
475 379 539 417 Ad
562 389 647 427 pag.
673 378 747 414 364
773 376 819 412 εἰ.
846 375 943 411 1682
965 375 1055 411 Act.
1078 371 1331 410 Eruditorum
1351 371 1624 419 Lipsiensium.

323 447 423 485 Cum
455 444 613 483 Parisiis
637 442 689 480 ad
720 453 784 478 me
820 440 997 479 venisset
1025 439 1079 476 D.
1112 439 1156 476 T.
1195 437 1279 474 sive
1314 437 1577 473 Tschirnhaus
1591 461 1604 480 ‚
1644 444 1688 473 ut
1710 443 1804 484 puto

276 515 340 551 ΑΟ.
366 514 460 550 1678
474 537 486 556 ,
513 510 668 548 ostendi
688 508 766 556 ipsi
790 507 917 545 obiter
938 506 1105 554 figuras,
1129 515 1230 552 quae
1252 504 1353 542 libro
1372 515 1461 541 meo
1483 503 1533 540 de
1558 504 1661 541 Luce
1685 505 1804 539 conti-

274 586 443 623 nentur,
480 578 549 615 ubi
582 577 628 614 in
660 577 738 614 fine
775 580 835 611 est
873 574 971 611 haec
1003 573 1111 620 prior
1147 572 1231 609 tab.
1274 572 1333 607 19.
1394 570 1491 606 Inde
1534 575 1594 606 est
1624 568 1730 617 quod
1763 569 1806 605 in

276 647 439 684 eandem
458 647 560 682 hanc
584 642 951 689 contemplationem
971 652 1124 677 mecum
1144 639 1309 683 incidit,
1334 639 1435 686 quod
1464 639 1528 673 vel
1554 638 1645 673 hinc
1669 645 1803 684 patet,

277 713 377 759 quod
409 712 510 749 hanc
543 712 670 758 ipsam
704 708 857 752 EHB,
882 719 972 745 cum
1000 708 1097 745 haec
1116 707 1326 750 scriberet,
1357 706 1534 743 nondum
1562 712 1805 753 cognoverat.

273 779 426 816 Falsam
451 777 557 814 enim
590 775 915 813 constructionem
939 775 1004 811 hic
1032 775 1218 818 exhibet,
1252 774 1399 821 quippe
1418 785 1518 821 quae
1544 784 1633 810 cum
1660 783 1756 809 vera
1784 783 1806 806 a

274 856 336 882 me
363 843 508 880 tradita
538 854 619 880 non
650 842 860 885 convenit,
902 846 948 877 ut
972 840 1117 877 calculo
1145 839 1370 878 examinavi
1398 839 1444 875 in
1467 849 1559 876 casu
1579 850 1682 883 uno,
1721 849 1806 875 cum

276 922 417 959 nempe
451 911 526 948 BF
542 935 555 955 ,
579 909 658 949 Fc
692 910 875 957 aequales
900 913 1113 956 ponuntur.
1164 906 1241 943 vid
1267 918 1357 954 pag.
1380 909 1453 951 93,
1487 906 1555 943 lib.
1580 906 1627 944 G.
1677 906 1806 952 Atque

274 978 366 1014 hinc
406 977 541 1024 colligo
577 987 707 1024 neque
750 974 979 1013 methodum
1011 974 1232 1021 generalem
1250 998 1262 1017 ‚
1303 984 1422 1021 quam
1456 974 1521 1010 hic
1546 974 1693 1020 jactat,
1731 973 1808 1019 ipsi

276 1044 467 1090 cognitam
510 1043 630 1079 fuisse
646 1067 658 1085 ,
698 1053 786 1078 cum
822 1042 868 1077 in
905 1040 1130 1088 exemplum
1176 1041 1263 1087 eJus
1291 1040 1393 1076 hanc
1423 1050 1624 1076 erroneam
1668 1049 1807 1075 curvae

277 1109 576 1157 descriptionem
609 1106 774 1144 adferat.
824 1105 964 1153 Neque
992 1106 1108 1142 video
1142 1117 1220 1153 qua
1256 1107 1407 1144 ratione
1422 1131 1433 1150 ‚
1472 1106 1550 1142 nisi
1574 1106 1709 1142 circini
1744 1116 1809 1141 ex-

275 1178 512 1225 perimento;
547 1185 624 1221 quo
648 1174 744 1220 quid
767 1175 813 1209 in
832 1174 1055 1211 Geometria
1082 1174 1268 1222 turpius?
1317 1173 1396 1210 Sed
1425 1174 1491 1210 hic
1511 1179 1643 1210 noster
1674 1172 1808 1209 eodem

275 1244 389 1281 modo
419 1250 573 1291 prorsus
595 1240 640 1277 in
663 1239 917 1287 tangentibus
941 1249 1150 1276 curvarum
1173 1240 1352 1283 filarum,
1379 1244 1467 1286 post
1493 1239 1642 1285 aliquot
1664 1250 1784 1276 annos
1798 1265 1807 1281 ‚

272 1313 315 1347 in
345 1320 515 1347 errorem
543 1307 695 1344 incidit.
746 1306 878 1353 Atque
910 1304 969 1341 ita
999 1304 1081 1342 levi
1117 1305 1464 1343 verisimilitudine
1504 1304 1694 1342 adductus
1733 1317 1809 1342 non

275 1382 434 1413 veretur
452 1374 655 1421 magnifice
675 1383 900 1410 asseverare
927 1382 1091 1419 quorum
1114 1372 1263 1410 nullam
1285 1371 1655 1409 demonstrationem
1669 1372 1807 1415 habet,

278 1453 453 1491 quaeque
474 1441 658 1477 instituto
685 1440 867 1476 examine
894 1438 993 1476 falsa
1020 1450 1105 1476 esse
1137 1439 1495 1487 deprehenduntur.

326 1509 532 1547 Caeterum
564 1517 654 1544 cum
679 1506 794 1542 initio
823 1506 917 1542 anni
938 1507 1034 1543 1690
1070 1506 1280 1543 diatribam
1305 1518 1434 1544 meam
1461 1506 1510 1543 de
1541 1508 1642 1544 Luce
1669 1507 1809 1544 edidis-

279 1589 387 1621 sem,
414 1576 482 1613 ille
511 1575 695 1612 continuo
733 1573 933 1621 exemplar
960 1573 1046 1619 ejus
1071 1579 1235 1618 nactus,
1267 1574 1372 1622 (sive
1394 1573 1438 1610 id
1469 1574 1599 1621 ipsum
1631 1575 1736 1621 quod
1760 1575 1809 1611 ad

279 1644 484 1691 scriptores
503 1641 688 1678 Actorum
706 1639 968 1687 Lipsiensium
989 1639 1173 1677 miseram
1194 1639 1506 1677 commendatum
1525 1640 1590 1679 D0.
1603 1641 1807 1688 chelino‚

280 1713 362 1747 sive
391 1709 509 1745 etiam
546 1719 570 1744 a
590 1706 840 1755 typographis
870 1706 962 1743 folia
990 1712 1082 1744 ante
1115 1706 1329 1744 editionem
1373 1707 1594 1756 acceperit)
1637 1710 1808 1746 animad-

280 1786 394 1814 versa
414 1775 557 1812 veriori
588 1774 849 1822 descriptione
876 1785 1018 1812 curvae
1043 1774 1186 1822 huJus,
1215 1786 1302 1811 eam
1328 1776 1440 1823 quasi
1471 1788 1494 1813 a
1523 1786 1565 1813 se
1594 1777 1807 1824 profectam

281 1843 426 1882 mensis
449 1841 652 1878 Februarii
667 1841 778 1878 Actis
788 1841 909 1878 inseri
932 1843 1107 1886 curavit,
1136 1853 1225 1878 cum
1253 1842 1338 1878 aliis
1359 1842 1410 1879 ad
1423 1843 1648 1890 hujusmodi
1673 1856 1811 1881 curvas

282 1908 569 1959 spectantibus;
601 1919 710 1944 meae
741 1918 835 1945 vero
867 1908 1057 1946 diatribae
1093 1909 1333 1946 mentionem
1354 1910 1399 1946 in
1432 1910 1575 1947 iisdem
1594 1912 1705 1948 Actis
1728 1913 1809 1948 fieri

282 1976 485 2025 impediit,
510 1979 556 2011 ut
572 1981 668 2022 puto
684 2000 695 2019 ‚
733 1985 855 2022 usque
875 1976 919 2012 in
942 1987 1118 2014 mensem
1141 1977 1345 2014 Octobrem
1376 1977 1552 2025 ejusdem
1578 1979 1671 2014 anni
1693 1981 1807 2022 1690,

284 2056 371 2082 cum
391 2050 524 2079 tamen
561 2042 675 2078 initio
702 2042 879 2079 Januarii
915 2044 959 2080 in
983 2043 1110 2082 lucem
1133 2045 1362 2092 prodiisset3
1393 2056 1469 2092 quo
1489 2056 1630 2092 nempe
1660 2046 1808 2093 longius

284 2111 402 2159 plagii
428 2108 682 2156 suspitionem
711 2117 938 2147 removeret.

333 2177 402 2213 Ait
430 2187 521 2211 vero
539 2175 784 2212 Bernoulium
810 2189 934 2224 nuper
954 2179 1151 2215 invenisse
1179 2180 1278 2216 hanc
1305 2191 1460 2217 curvam
1489 2182 1536 2217 ad
1565 2192 1629 2216 sex
1663 2182 1808 2216 ‹limen-

1685 2248 1808 2281 siones
