2051 2648
1064 32 1096 73 ‘a

455 98 1489 209 ΑΒΒΙΤΑΜῈΉΤΑ

926 278 998 313 AD

698 392 1181 446 FASCICULUM
1240 394 1282 446 I.

919 623 1025 686 §L

801 750 863 786 Ad
888 761 973 798 pag.
1027 756 1044 787 1
1073 772 1110 777 —
1136 754 1171 788 5.

221 894 344 961 Cum
372 924 606 970 inquirerem
627 928 758 959 utrum
782 925 885 959 inter
907 925 1013 961 MSS.
1041 926 1275 971 Hugeniana
1300 924 1484 959 nonnulla
1515 924 1713 956 exstarent
1729 941 1738 957 ‚

221 1002 318 1036 quae
333 989 381 1025 iis
406 990 647 1025 illustrandis
673 991 907 1026 inservirent
925 1016 935 1034 ‚
963 991 1012 1026 de
1033 993 1173 1037 quibus
1203 992 1417 1027 Leibnitius
1452 989 1493 1023 in
1521 985 1638 1034 priori
1665 984 1735 1018 hac

220 1056 381 1101 epistola
416 1057 612 1091 obscurius
637 1057 733 1103 egit,
769 1057 867 1093 nihil
905 1057 1063 1103 quidem
1088 1058 1163 1093 huc
1194 1057 1336 1092 faciens
1361 1068 1399 1091 se
1442 1054 1540 1090 mihi
1574 1049 1739 1092 obtulit3

218 1129 257 1156 at
279 1121 322 1156 in
344 1121 438 1158 duas
475 1129 606 1158 tamen
641 1122 761 1159 incidi
794 1124 916 1170 ipsius
951 1124 1121 1171 Hugenii
1156 1124 1332 1173 epistolas
1376 1118 1663 1160 memorabileS,
1702 1122 1742 1151 et

221 1187 499 1233 quodammodo
525 1200 609 1224 cum
644 1189 760 1235 hujus
782 1190 855 1224 loci
884 1197 1110 1236 argumento
1134 1191 1376 1235 conjunctas,
1412 1189 1572 1223 alteram
1613 1183 1661 1218 ad
1695 1183 1736 1218 F.

219 1255 497 1295 Schotenium,
537 1255 696 1288 alteram
733 1255 779 1288 ad
815 1257 926 1290 Doct.
961 1257 1008 1289 de
1047 1257 1114 1293 Bie
1151 1256 1342 1300 scriptas,
1383 1265 1403 1287 e
1437 1253 1577 1299 quibus
1599 1260 1737 1295 nempe

221 1319 359 1354 efficias
382 1319 565 1353 formulae
592 1318 759 1354 Cardani
785 1318 1149 1354 demonstrationem
1170 1345 1180 1361 ‚
1216 1320 1325 1365 cujus
1349 1324 1478 1354 auctor
1506 1315 1739 1353 Huddenius

222 1385 457 1429 celebratur,
484 1385 599 1420 etiam
624 1397 647 1421 a
669 1385 846 1432 Hugenio
870 1387 1084 1432 quaesitam
1104 1393 1142 1422 et
1159 1387 1363 1423 inventam
1388 1385 1517 1420 fuisse.

263 1451 497 1488 Huddenius
522 1462 573 1487 sc.
588 1451 728 1487 dictam
760 1452 1126 1488 demonstrationem
1143 1453 1342 1500 proposuit
1359 1453 1402 1486 in
1425 1449 1585 1497 epistola
1607 1446 1736 1483 suade

218 1517 455 1553 Reductione
469 1518 755 1564 Aequationum
770 1544 780 1562 ,
807 1530 939 1554 mense
960 1520 1055 1556 Julii
1083 1532 1116 1554 a.
1142 1522 1234 1555 1657
1259 1519 1306 1555 ad
1333 1517 1581 1555 Schotenium
1599 1514 1737 1555 missa,

214 1585 290 1630 (cf.
321 1585 465 1621 Cartes.
490 1586 622 1621 Geom.
648 1586 742 1621 edit.
768 1598 789 1621 a
815 1587 859 1623 F.
885 1587 1064 1623 Schoten.
1090 1586 1134 1622 Τ.
1153 1587 1183 1623 I.
1206 1598 1293 1633 pag.
1316 1585 1416 1632 499)
1441 1586 1601 1631 ipseque
1623 1579 1738 1615 Scho-

218 1653 344 1687 tenius
365 1652 406 1686 in
423 1651 603 1698 Append.
628 1653 675 1688 de
697 1655 816 1691 cubic.
837 1655 1055 1701 aequation.
1077 1654 1143 1693 (cf.
1161 1654 1255 1691 ibid.
1275 1664 1362 1699 pag.
1384 1651 1476 1696 367)
1499 1653 1662 1684 testatus
1676 1651 1734 1680 est

216 1730 256 1754 se
283 1718 445 1754 eandem
471 1718 839 1757 demonstrationem
869 1722 1089 1757 acutissimo
1121 1719 1331 1757 Huddenio
1355 1721 1548 1762 acceptam
1574 1712 1730 1749 referre.

216 1786 302 1822 Jam
326 1798 419 1823 vero
442 1794 569 1823 exstat
582 1788 778 1824 Schotenii
795 1789 956 1835 epistola
968 1791 1046 1826 290.
1064 1788 1219 1834 m.Maji
1236 1788 1328 1822 1655
1342 1784 1388 1819 ad
1410 1782 1633 1828 Hugenium
1649 1805 1659 1822 ,
1675 1779 1729 1823 (1)

219 1855 328 1900 quus
349 1854 411 1889 hic
435 1855 520 1890 finis
543 1861 623 1890 est:
651 1871 668 1890 »
700 1857 791 1891 Rem
820 1864 950 1892 autem
978 1855 1151 1891 omnium
1179 1852 1437 1900 gratissimam
1469 1846 1730 1896 praestiteris,

215 1920 245 1954 si
276 1920 448 1963 modum,
482 1932 556 1966 quo
582 1921 747 1958 Cardani
772 1923 926 1969 regulae
949 1924 1134 1960 inventae
1159 1920 1305 1956 fuerint
1321 1945 1331 1962 ‚
1362 1916 1595 1965 perscribere
1624 1912 1727 1949 haud

213 1988 391 2031 graveris.
409 1988 524 2023 Vale!
552 2003 570 2024 »

265 2053 327 2088 Ad
350 2064 448 2099 quae
477 2055 676 2101 respondit
698 2057 899 2104 Hugenius
922 2057 985 2093 die
1010 2059 1061 2094 5⁰.
1085 2069 1135 2094 rn.
1160 2055 1268 2093 Junii
1293 2056 1384 2090 1655
1415 2052 1476 2087 his
1497 2048 1645 2086 verbis:

246 2178 257 2211 (
264 2178 290 2212 ¹)
312 2176 453 2207 Invenitur
471 2181 536 2209 haec
556 2184 672 2219 epistola
688 2183 861 2221 Hugeniique
882 2185 917 2212 ad
935 2185 1049 2213 eandem
1067 2193 1231 2221 responsum
1256 2183 1283 2209 in
1306 2181 1373 2209 fasc.
1397 2180 1436 2208 5⁰.

1198 2239 1229 2269 A
