2051 2648
805 152 958 199 (177)

112 250 194 287 nito
222 251 360 288 ADB.
410 250 546 286 Ductis
571 249 695 291 enim,
733 254 776 284 ut
812 254 929 292 ante,
958 248 1143 293 diagoniis
1161 248 1258 292 AF,
1283 249 1397 292 AH,
1431 260 1515 287 cum
1549 252 1629 289 AF

111 322 245 361 tangat
282 327 435 351 curvam
473 316 515 350 in
545 316 604 357 A,
635 315 780 350 secabit
818 327 901 351 earn
936 323 1039 351 recta
1078 315 1164 351 HA
1190 327 1325 352 versus
1360 316 1395 352 A
1425 317 1629 364 producta,

110 381 395 428 productaeque
424 392 511 428 pars
541 381 651 416 cadet
672 382 776 417 intra
796 382 1007 417 cavitatem
1034 393 1174 418 curvae
1206 388 1247 417 ut
1269 382 1305 418 A
1322 384 1371 420 K.
1421 383 1632 420 Dividatur

112 448 203 485 ΑΗ
234 449 276 482 in
304 454 360 483 tot
393 455 522 495 partes
557 448 758 494 aequales,
797 455 840 484 ut
872 460 1005 484 earum
1042 461 1120 484 una
1154 451 1332 496 apposita
1367 452 1408 486 in
1446 451 1632 498 producta

111 514 218 557 HA,
254 514 360 550 velut
395 515 490 557 AL,
539 525 615 549 non
651 516 844 562 pertingat
882 514 930 550 ad
961 515 1008 551 K.
1061 515 1299 552 constructis
1334 529 1444 563 porro
1470 519 1630 565 reliquis

112 588 155 616 ut
184 582 315 627 prius,
352 586 459 627 patet
486 581 751 624 rectangulum
787 582 860 617 AR
896 581 1025 616 minus
1050 592 1151 616 nunc
1183 592 1264 617 esse
1295 584 1419 629 spatio
1452 584 1631 628 AOYB‚

113 650 220 694 cujus
256 660 394 695 nempe
418 659 506 694 pars
532 654 612 690 est,
644 659 732 682 nam
760 647 830 683 LR
856 647 1063 683 manifesto
1094 659 1197 684 nunc
1228 649 1330 684 cadit
1361 650 1464 684 inter
1497 650 1570 687 ΟΥ
1595 659 1635 686 et

111 715 199 750 AB.
250 715 352 750 Hinc
377 727 465 762 ergo
490 721 529 751 et
552 715 815 759 rectangulum
838 714 917 750 AT
943 715 1072 749 minus
1096 716 1170 750 erit
1193 717 1315 762 spatio
1342 717 1525 760 ΑΛΠΒ,
1547 729 1633 754 cum

113 789 151 816 et
175 781 441 826 rectangulum
457 782 677 827 rectangulo
691 787 730 816 et
752 782 919 828 spatium
935 782 1060 828 spatio
1080 783 1197 829 priori
1219 783 1269 818 sit
1286 784 1459 830 aequale.
1487 784 1634 821 Eadem

111 848 257 883 ratione
284 849 548 895 rectangulum
577 847 653 892 ΩΤ
687 848 816 883 minus
840 849 913 884 erit
936 849 1060 894 spatio
1087 856 1275 893 ΛΩΘΠ,
1298 856 1336 884 et
1368 853 1635 897 rectangulum

112 914 186 956 QX
211 914 333 961 spatio
374 915 524 951 ΩΟΖΘ
559 921 599 950 et
629 916 893 962 rectangulum
922 916 1002 952 GX
1030 917 1154 962 spatio
1177 917 1295 953 CDZ
1328 918 1503 961 infinito,
1534 919 1635 965 quod

114 991 253 1026 nempe
289 987 329 1017 et
351 983 479 1028 ipsum
508 982 666 1028 reliquis
696 984 832 1030 spatiis
857 983 1016 1030 aequale
1046 990 1117 1022 est.
1167 985 1303 1030 Itaque
1336 991 1461 1022 totum
1485 993 1635 1022 rectan-

112 1048 242 1093 gulum
269 1048 441 1084 ABHG
469 1050 596 1085 minus
629 1061 710 1085 esse
751 1057 859 1098 patet
885 1051 1009 1097 spatio
1042 1052 1147 1086 omni
1173 1052 1347 1089 Anci)
1366 1054 1438 1090 BA
1469 1054 1633 1090 infinito.

160 1115 255 1150 Cum
284 1116 403 1159 igitur
431 1122 628 1151 ostensum
655 1118 729 1159 sit,
758 1119 1022 1160 rectangulum
1046 1119 1269 1162 quodlibet,
1302 1120 1402 1163 quod
1423 1121 1550 1165 majus
1578 1127 1635 1155 est

111 1181 335 1223 rectangulo
376 1180 567 1220 ABFE,
607 1183 732 1224 majus
784 1191 935 1224 quoque
975 1191 1055 1213 esse
1098 1181 1221 1224 spatio
1252 1181 1420 1218 ACDB
1460 1185 1634 1233 infinit03

111 1246 283 1290 itemque
310 1246 575 1291 rectangulum
612 1246 801 1291 quodvis,
841 1245 942 1291 quod
971 1247 1100 1281 minus
1121 1252 1178 1280 est
1201 1249 1420 1294 rectangulo
1442 1251 1473 1286 A
1492 1252 1608 1289 BFE
1623 1279 1633 1298 ,

112 1311 240 1347 minus
266 1322 417 1357 quoque
451 1323 533 1347 esse
560 1312 755 1358 praedicto
780 1313 923 1358 spatio:
959 1324 1114 1348 necesse
1138 1320 1197 1348 est
1222 1317 1485 1361 rectangulum
1507 1320 1632 1365 ipsum

113 1377 273 1413 ABFE
315 1378 441 1413 eidem
481 1379 605 1424 spatio
636 1378 788 1413 infinito
817 1380 977 1425 aequale
1003 1391 1096 1417 esse.
1149 1380 1257 1424 Quod
1281 1388 1363 1417 erat
1385 1383 1486 1420 dem.

162 1444 260 1479 Nota
296 1455 387 1480 vero
423 1445 525 1480 hunc
555 1445 711 1481 modum
745 1445 1034 1483 demonstrandi
1063 1448 1144 1482 sine
1177 1447 1406 1484 deductione
1429 1451 1477 1487 acl
1501 1454 1633 1490 absur-

112 1509 226 1552 dum,
251 1522 348 1556 quae
372 1512 527 1547 videtur
556 1513 627 1548 hoc
653 1519 765 1559 pacto
801 1514 893 1549 alibi
924 1526 1075 1560 quoque
1108 1515 1273 1550 devitari
1293 1527 1418 1562 posse,

160 1577 202 1613 Si
233 1589 319 1622 ergo
352 1578 564 1615 ab.eodem
592 1586 734 1625 puncto
772 1592 910 1616 curvae
945 1582 1272 1627 perpendicularis
1312 1584 1354 1617 in
1390 1594 1632 1633 asymptoton

112 1650 149 1678 et
185 1649 345 1689 tangens
380 1644 563 1688 ducatur,
596 1652 639 1680 ut
673 1654 764 1681 sunt
798 1648 860 1682 hic
892 1648 977 1695 (fig.
1003 1649 1078 1694 70)
1102 1648 1209 1690 ΑΒ,>
1231 1650 1333 1685 AF:
1370 1652 1444 1686 erit
1481 1664 1633 1701 semper

114 1710 346 1754 triangulum
376 1711 491 1746 ABF
527 1711 730 1748 dimidium
759 1713 875 1760 spatii
902 1715 1018 1749 totius
1048 1715 1190 1750 infiniti
1215 1716 1355 1752 ABD.

162 1776 338 1821 Spatium
384 1776 548 1822 quodvis
592 1779 694 1813 inter
746 1780 841 1815 duas
887 1781 1223 1827 perpendiculares
1272 1783 1552 1831 interceptum,
1590 1794 1631 1823 ut

113 1842 305 1883 ABLH,
344 1843 432 1890 (fig.
466 1842 540 1890 71)
581 1846 740 1891 aequale
775 1846 849 1880 erit
887 1849 1107 1894 rectangulo
1139 1849 1209 1884 sub
1234 1849 1353 1885 latere
1372 1858 1474 1886 recto
1494 1840 1534 1888 et
1559 1853 1631 1889 dif-

113 1908 279 1944 ferentia
300 1907 492 1944 dictarum
515 1911 892 1958 perpendicularium
912 1938 922 1955 ‚
948 1921 989 1949 ut
1017 1915 1078 1950 hic
1105 1916 1368 1961 rectangulum
1390 1918 1482 1957 ΑΚ.
1533 1920 1629 1956 Nam

115 1985 201 2009 cum
233 1975 401 2019 spatium
425 1976 618 2012 infinitum
651 1977 780 2014 ABD
808 1980 857 2014 sit
886 1981 1044 2026 aequale
1073 1983 1294 2029 rectangulo
1325 1984 1423 2029 AF3
1461 1986 1628 2032 spartium

112 2051 206 2076 vero
228 2041 420 2076 infinitum
449 2042 573 2078 HLD
597 2045 756 2091 aequale
778 2047 1001 2092 rectangulo
1026 2048 1126 2091 CF,
1153 2050 1226 2085 erit
1249 2049 1440 2096 reliquum
1459 2053 1626 2098 spatium

114 2106 150 2141 A
165 2107 193 2141 B
208 2106 236 2140 L
250 2106 288 2141 H
325 2109 482 2152 aequale
507 2112 725 2156 rectangulo
746 2113 895 2159 reliquo
926 2114 961 2150 A
975 2114 1023 2151 Κ.

161 2172 251 2211 Alia
284 2174 550 2220 praecedentis
576 2176 853 2215 demonstratio
874 2180 989 2218 datur
1009 2183 1247 2219 ostendendo
1275 2185 1444 2231 spatium
1467 2186 1630 2225 ABDC

1270 2250 1298 2287 Z
